3150 4459
478 450 732 506 HISTORIARUM
750 450 964 505 ALEXANDRI
982 451 1028 518 VI,
1048 458 1072 505 4.
1225 451 1289 517 163

267 613 418 697 dedisset,
436 635 536 698 prope
556 614 697 680 occisum
716 614 756 677 ab
776 636 822 680 eo.
860 613 1011 701 Agitasse
1025 614 1166 680 Dareum
1185 620 1288 683 custo-
1308 634 1324 681 a

267 703 354 766 diam
386 704 531 787 corporis
563 703 614 767 sni
647 708 758 769 contra
785 705 836 768 ius
859 705 971 787 fasque
994 705 1164 792 peregrino
1189 706 1288 770 militi

266 792 394 855 tradere
417 792 567 856 damnata
591 793 799 877 popularium
822 792 899 877 fide,
932 815 1029 877 quam
1052 816 1110 877 per
1134 794 1288 860 ducentos

267 885 300 945 et
323 879 460 967 triginta
478 903 579 946 annos
599 882 787 947 inviolatam
807 882 939 968 regibus
959 883 1025 947 suis
1041 883 1288 967 praestitissent.

239 968 309 1036 sSe
338 970 372 1033 in
398 971 569 1055 praecipiti
596 974 628 1035 et
651 971 776 1036 lubrico
800 974 938 1036 stantem
962 972 1134 1037 consilium
1157 995 1176 1035 a
1197 990 1342 1057 prae-10

268 1058 352 1124 senti
374 1060 565 1125 necessitate
588 1062 751 1145 repetisse.
783 1060 924 1126 Dareum
948 1082 1086 1145 quoque,
1109 1083 1181 1125 cum
1206 1064 1288 1127 occi-

268 1148 366 1213 disset
381 1148 523 1235 Bagoan,
545 1148 607 1215 hac
629 1150 837 1215 excusatione
856 1150 1049 1216 satisfecisse
1067 1151 1288 1234 popularibus,

267 1239 355 1321 quod
377 1238 583 1303 insidiantem
602 1239 827 1304 interemisset.
864 1238 958 1304 Nihil
976 1261 1045 1304 esse
1063 1240 1189 1304 miseris
1205 1261 1287 1305 mor·
1307 1255 1340 1303 11

266 1327 387 1391 talibus
411 1327 527 1412 spiritu
551 1330 669 1393 carius:
698 1350 807 1393 amore
830 1329 899 1392 eius
922 1329 963 1393 ad
985 1328 1101 1393 ultima
1124 1350 1192 1393 esse
1214 1351 1287 1413 pro-

223 1417 404 1500 1opulsum.
442 1415 560 1481 Sedes
582 1419 686 1504 magis
705 1440 774 1482 esse
794 1422 940 1483 secutum
960 1440 1056 1501 quam
1077 1422 1212 1501 optasse.
1248 1417 1285 1483 In
1307 1434 1340 1482 12

266 1507 429 1570 communi
457 1506 641 1570 calamitate
668 1529 759 1571 suam
790 1528 950 1592 quemque
973 1507 1090 1571 habere
1113 1506 1286 1572 fortunam.

267 1594 301 1658 Si
324 1596 434 1659 venire
457 1617 491 1660 se
514 1595 654 1675 iuberet,
686 1597 754 1661 sine
781 1601 870 1660 metu
895 1618 963 1661 esse
985 1601 1164 1661 venturum.
1210 1596 1287 1662 Non

265 1685 390 1767 timere,
412 1707 453 1747 ne
474 1684 572 1749 fidem
591 1685 698 1749 datam
717 1689 827 1750 tantus
845 1708 903 1750 rex
920 1685 1069 1749 violaret:
1093 1685 1170 1750 deos
1189 1709 1208 1750 a
1226 1686 1286 1751 deo

265 1774 336 1838 falli
353 1795 421 1837 non
439 1774 549 1838 solere.
587 1773 737 1838 Ceterum
756 1775 793 1858 si,
816 1774 869 1839 cui
886 1775 984 1838 fidem
1003 1776 1103 1855 daret,
1124 1775 1287 1840 videretur
1307 1789 1340 1839 1³

224 1889 250 1930 ιε
265 1863 431 1948 indignus,
463 1864 567 1927 multa
598 1864 695 1927 exilia
721 1868 831 1947 patere
861 1863 1013 1948 fugienti:
1046 1864 1184 1948 patriam
1208 1886 1286 1943 esse,

265 1951 460 2035 ubicumque
478 1953 529 2016 vir
546 1952 642 2016 fortis
660 1953 766 2016 sedem
786 1953 848 2016 sibi
863 1953 1003 2039 elegerit,
1043 1952 1111 2018 Nec
1126 1954 1287 2018 dubitavit
1306 1968 1341 2019 11

266 2040 448 2105 Alexander
470 2041 583 2125 fidem,
616 2064 680 2125 quo
703 2041 820 2107 Persae
843 2042 940 2106 modo
964 2043 1178 2127 accipiebant,
1201 2043 1286 2127 dare,

264 2130 467 2213 inviolatum,
490 2131 517 2195 si
539 2133 690 2214 venisset,
712 2133 790 2197 fore.

210 2225 248 2280 12
332 2218 494 2296 Quadrato
527 2225 636 2285 tamen
665 2220 794 2306 agmine
824 2225 856 2285 et
885 2222 1053 2305 conposito
1082 2220 1150 2285 ibat
1176 2242 1285 2304 specu·

222 2310 384 2375 relatores
399 2308 534 2374 subinde
549 2310 767 2393 praemittens,
784 2310 841 2393 qui
855 2311 1060 2393 explorarent
1073 2311 1153 2375 loca.
1190 2310 1285 2375 Levis
1305 2325 1338 2373 15

264 2402 426 2462 armatura
445 2397 582 2462 ducebat
600 2421 725 2485 agmen,
743 2398 886 2483 phalanx
905 2420 975 2464 eam
994 2399 1197 2483 sequebatur,
1211 2404 1285 2483 post

263 2488 387 2571 pedites
420 2492 512 2551 erant
543 2488 768 2572 inpedimenta.
825 2487 869 2550 Et
897 2508 975 2572 gens
998 2488 1153 2553 bellicosa
1176 2492 1208 2553 et
1231 2511 1284 2552 na-

263 2582 354 2640 turae
397 2578 477 2640 situs
519 2576 661 2641 difficilis
699 2577 789 2639 aditu
826 2598 933 2641 curam
972 2578 1057 2662 regis
1095 2577 1284 2642 intenderat.

263 2664 411 2748 Namque
434 2671 590 2749 perpetua
613 2668 707 2730 vallis
730 2668 813 2729 iacet
836 2687 937 2748 usque
961 2667 1001 2730 ad
1024 2688 1112 2731 mare
1132 2666 1285 2750 Caspium
1305 2691 1338 2739 16

222 2781 248 2820 aa
263 2759 386 2839 patens,
410 2777 474 2839 quo
498 2760 601 2820 terrac
622 2756 691 2820 eius
710 2755 800 2819 velut
819 2754 951 2818 brachia
970 2759 1156 2820 excurrunt:
1180 2755 1285 2820 madia

262 2845 348 2907 flexu
367 2844 494 2908 modico
514 2845 619 2909 sinum
639 2844 762 2909 faciunt
780 2844 875 2909 lunae
895 2845 1032 2909 maxime
1048 2844 1196 2928 similem,
1211 2866 1284 2909 cum

263 2934 405 2997 eminent
430 2955 550 2998 cornua
573 2934 717 2998 nondum
739 2936 846 2997 totum
870 2933 981 2998 orbem
1005 2934 1107 2997 sidere
1131 2934 1283 3017 inplente.

264 3021 413 3086 Cercetae
441 3026 473 3085 et
496 3022 643 3106 Mossyni
668 3026 700 3086 et
725 3021 884 3106 Chalybes
913 3046 931 3086 a
958 3024 1049 3087 laeva
1078 3026 1154 3087 sunt
1183 3026 1215 3087 et
1242 3023 1283 3087 ab
1304 3046 1337 3095 1⁷

263 3112 363 3176 altera
394 3116 485 3195 parte
508 3111 682 3195 Leucosyri
715 3115 747 3175 et
770 3111 970 3176 Amazonum
995 3113 1115 3195 campi:
1146 3115 1179 3176 et
1201 3111 1284 3195 illos,

335 3276 350 3320 3
372 3269 506 3324 ducentos
526 3272 555 3323 et
573 3269 693 3339 triginta
711 3270 879 3324 Frobena‘as:
902 3274 923 3321 fi
942 3271 971 3323 et
990 3286 1038 3322 occ
1054 3273 1085 3322 Δ.
1159 3276 1175 3323 4
1194 3269 1284 3323 invio·

262 3339 678 3411 latam]inuolatam1’m.pr.
739 3339 1145 3411 opraecipiti]praetipiti1..
1203 3345 1283 3394 lex·

262 3412 418 3483 cusationa]
439 3412 622 3466 excusacione
640 3417 670 3465 V.
746 3417 779 3465 10
799 3428 884 3479 quam
904 3414 1016 3480 optasse
1035 3412 1190 3467 Beatlciua:
1210 3429 1284 3480 qnae

263 3486 389 3551 optasset
407 3489 436 3535 Δ.
531 3490 563 3536 14
582 3482 645 3537 falli
670 3483 739 3565 non]
762 3482 919 3536 fallisnson
937 3489 965 3537 Ρ.
1059 3489 1091 3537 15
1115 3482 1238 3553 fugienti
1255 3489 1281 3537 1:

262 3554 417 3624 sugentis.
503 3561 534 3608 19
554 3554 712 3625 conposito]
726 3554 905 3622 inconposito
919 3560 948 3606 V.
1032 3559 1066 3607 20
1086 3554 1217 3627 subinde]
1236 3571 1283 3609 su·

262 3626 349 3693 pinde
363 3630 383 3677 B
397 3644 432 3679 m.
443 3644 487 3695 pr.
562 3631 594 3679 21
610 3626 734 3695 phalanx
762 3625 901 3695 phalanxi
914 3631 944 3678 V.
1007 3630 1040 3678 22
1060 3626 1152 3697 erant]
1172 3642 1238 3682 eran
1252 3631 1280 3680 Ι..

263 3702 297 3750 24
317 3697 397 3750 vallis
417 3703 448 3750 P:
468 3697 558 3750 ualles
573 3703 598 3750 c.
662 3713 740 3749 mare
770 3702 929 3749 morel’m.
940 3713 986 3766 pr.
1043 3702 1076 3751 25
1096 3714 1151 3766 quo
1171 3697 1281 3768 Staapl:

263 3770 368 3892 dulobA.
459 3774 493 3821 26
512 3770 634 3839 modico]
653 3768 766 3823 modica
783 3774 811 3821 L.
904 3773 937 3820 28
957 3765 1096 3837 Chalybes
1113 3769 1281 3823 Frobcniua:

262 3840 317 3893 cai
339 3855 367 3893 es
387 3846 416 3893 Δ.
1036 3885 1039 3890 .

1069 3929 1120 3981 n*
