3150 4459
577 1124 624 1225 Q.
650 1123 844 1207 eueni
871 1123 1024 1214 nuri

659 1321 941 1384 HISTORIARUM

326 1517 1217 1663 „Annxnuunruneur

673 1726 931 1793 MACEDONIS

719 1939 828 1993 LIBER
846 1941 880 1995 V.

261 2130 275 2183 Ι
357 2120 445 2197 Quae
472 2122 602 2186 interim
633 2121 731 2186 ductu
758 2122 958 2205 imperioque
989 2120 1166 2187 Alexandri
1197 2124 1248 2187 vel
1278 2123 1343 2185 inl

290 2208 418 2275 Graecis
432 2212 485 2275 vel
502 2208 623 2294 Illyriis
643 2230 680 2275 ae
696 2210 852 2276 Thraecia
870 2215 962 2297 gesta
980 2215 1064 2294 sunt,
1084 2213 1111 2276 si
1130 2212 1196 2276 suis
1217 2232 1311 2295 quae-

290 2320 351 2383 que
379 2300 580 2383 temporibus
600 2299 733 2365 reddere
756 2301 904 2384 voluero,
933 2301 1212 2385 interrumpendae
1236 2305 1312 2364 sunt

253 2409 339 2457 ares
369 2386 476 2472 Asiae,
509 2411 589 2473 quas
621 2390 734 2473 utique
767 2389 807 2453 ad
839 2389 952 2475 fugam
985 2393 1185 2473 mortemque
1214 2389 1312 2454 Darei

289 2479 454 2542 universas
477 2478 743 2562 inconspectum
768 2479 838 2543 dari
861 2483 902 2563 et,
926 2481 1010 2544 sieut
1033 2481 1117 2543 inter
1141 2502 1174 2544 se
1198 2478 1310 2543 eohae-
1340 2505 1351 2544 s

288 2571 369 2649 rent,
392 2568 439 2631 ita
462 2589 558 2651 opere
581 2568 652 2651 ipso
672 2569 827 2654 coniungi
849 2567 937 2633 haud
959 2568 1057 2653 paulo
1078 2570 1184 2653 aptius
1208 2567 1310 2632 videri

288 2660 403 2741 potest.
456 2655 574 2742 Igitur,
605 2678 687 2740 quae
717 2658 841 2741 proelio
873 2658 958 2741 apud
987 2656 1109 2722 Arbela
1139 2659 1310 2722 eeniuueta

289 2750 373 2829 sunt,
397 2746 504 2811 ordiar
526 2745 638 2810 dicere.

253 2855 270 2903 3
357 2835 480 2900 Dareus
499 2835 606 2900 media
625 2836 692 2900 fere
710 2840 805 2899 noete
824 2834 945 2901 Arbela
962 2833 1161 2921 pervenerat,
1185 2836 1310 2900 eodem-

289 2946 351 3007 que
379 2946 515 3010 magnae
542 2924 644 3009 partis
673 2926 850 2991 amisorum
874 2926 942 2990 eius
974 2946 1010 2989 ae
1033 2926 1175 2988 militum
1198 2924 1309 3010 fugam
1327 2951 1351 2990 ιο

253 3015 420 3082 4fortuna
447 3013 644 3098 conpulerat.
696 3012 821 3091 Quibus
851 3015 1034 3080 convocatis
1063 3015 1197 3097 exponit
1224 3014 1311 3077 haud

290 3102 438 3167 dubitare
462 3124 504 3186 se,
528 3102 815 3186 quinAlexander
838 3104 1059 3168 celeberrimas
1083 3103 1179 3168 urbes
1203 3125 1310 3188 agres-

290 3213 352 3275 que
390 3193 479 3256 omni
516 3194 610 3275 eopia
646 3215 751 3257 rerum
789 3193 989 3257 abundantes
1021 3194 1182 3277 petiturus
1214 3197 1311 3256 esset:

360 3410 376 3455 2
396 3404 523 3476 Graecis]
546 3404 676 3475 graeci?
694 3423 729 3459 m.
743 3422 790 3475 pr,
881 3403 998 3475 illyriis]
1017 3402 1111 3457 illiriis
1130 3410 1163 3470 L,
1187 3402 1217 3455 in
1235 3403 1312 3456 hilli-

287 3474 338 3527 riis
356 3481 387 3528 v.
460 3475 608 3547 Thraecia]
627 3476 734 3530 thratia
752 3482 821 3533 Lm.
831 3494 878 3546 pr.
892 3482 923 3542 v,
941 3475 1052 3529 thracia
1070 3480 1124 3528 BF.
1210 3480 1311 3529 teon-

288 3549 417 3615 speetum
436 3549 563 3602 Medius:
584 3550 737 3616 conspeetu
755 3552 786 3601 Δ.
870 3546 981 3600 dbaud
1000 3552 1026 3599 1:
1047 3549 1096 3600 aut
1114 3551 1145 3600 Δ.
1225 3548 1311 3599 ῖΑτ-

288 3617 625 3689 bela]harbelarl.1’v.
685 3624 701 3672 9
719 3618 836 3690 Arbela]
855 3617 1001 3673 harbelam
1020 3624 1045 3671 c.
1112 3624 1144 3671 12
1164 3617 1312 3671 celeberri-

287 3690 360 3761 mas]
384 3691 574 3745 celiberrimas
597 3696 670 3744 Pm.
685 3708 731 3759 pr.
843 3696 875 3744 13
895 3689 1085 3761 abundantes]
1112 3689 1310 3744 habundantes

282 3767 340 3814 ΡΥ,
417 3762 503 3834 esset]
523 3779 583 3817 esse
603 3768 628 3815 0.

237 4067 275 4101 A
375 4097 376 4100 ,
