3150 4459
512 482 766 536 mercenaria
786 483 1002 559 animuum
1020 483 1053 548 x,
1074 490 1097 536 r.
1250 482 1315 547 319

291 645 414 710 diccam
433 649 465 709 et
483 644 694 729 Leonnatum,
718 646 818 729 stirpe
837 647 926 730 regia
945 648 1079 731 genitos.
1118 646 1256 729 Adiecit,
1279 647 1317 709 ut
1338 664 1354 711 9

291 736 325 798 in
359 735 492 818 Europa
521 733 671 798 craterus
704 738 736 798 et
760 734 932 818 Antipater
964 757 1015 798 res
1048 736 1317 800 administrarent.

291 823 374 887 Tum
407 824 629 888 iusiurandum
661 848 680 888 a
710 824 848 909 singulis
877 829 1023 888 exactum
1052 825 1181 889 futuros
1205 826 1239 888 in
1262 846 1318 908 po-

292 916 409 977 testate
432 914 517 998 regis
545 914 646 997 geniti
670 912 862 977 Alexandro.
909 912 1071 998 Meleager
1095 951 1137 959 -
1161 913 1248 976 haud
1271 914 1316 977 in·
1338 930 1365 978 1(

264 1003 374 1068 siuria
407 1006 495 1066 metu
528 1002 679 1086 supplicii
711 1003 844 1067 territus
876 1024 949 1067 cum
983 1003 1048 1066 suis
1078 1006 1250 1067 secesserat
1274 1038 1317 1047 -—

292 1114 404 1155 rursus
428 1090 616 1175 Philippum
646 1090 776 1155 trahens
808 1112 917 1155 secum
947 1092 1072 1175 inrupit
1103 1092 1225 1177 regiam
1256 1092 1317 1154 cla·

293 1180 411 1243 mitons
439 1179 609 1265 suffragari
637 1181 706 1265 spei
734 1181 772 1245 de
800 1203 884 1246 novo
912 1202 987 1265 rege
1015 1180 1113 1264 paulo
1142 1185 1215 1245 ante
1244 1201 1317 1244 con-

292 1273 402 1352 ceptae
430 1268 531 1333 robur
557 1270 684 1334 aetatis:
715 1270 937 1354 experirentur
965 1270 1060 1333 modo
1085 1270 1217 1354 stirpem
1243 1269 1318 1333 Phi·

291 1360 387 1442 lippi,
420 1358 481 1443 [et]
516 1358 619 1423 filium
649 1380 687 1423 ac
709 1359 843 1423 fratrem
867 1380 979 1443 regum
1003 1359 1153 1423 duorum:
1187 1358 1318 1422 sibimet

251 1474 278 1513 10
292 1447 372 1530 ipsis
396 1446 601 1531 potissimum
626 1448 801 1512 crederent.
838 1447 974 1512 Nullum
998 1447 1195 1533 profundum
1218 1470 1317 1529 mare,
1337 1464 1365 1512 11

291 1539 418 1600 nullum
440 1542 569 1600 vastum
593 1536 711 1600 fretum
735 1540 768 1600 et
791 1541 1008 1619 procellosum
1028 1542 1135 1601 tantos
1159 1537 1221 1601 ciet
1239 1536 1317 1601 fluc-

291 1629 353 1708 tus,
377 1629 516 1708 quantos
536 1626 712 1689 multitudo
736 1630 843 1690 motus
867 1626 973 1710 habet,
998 1628 1109 1709 utique
1134 1628 1161 1690 si
1182 1648 1267 1690 nova
1287 1628 1318 1689 et

292 1714 381 1778 brevi
420 1715 574 1779 duratura
610 1715 761 1779 libertate
797 1714 949 1779 luxuriat.
1011 1714 1110 1779 Pauci
1147 1714 1318 1779 Perdiccae
1339 1730 1365 1779 11

292 1804 388 1867 modo
413 1804 530 1885 elect0,
552 1805 661 1885 plures
682 1804 850 1888 Philippo,
874 1825 969 1886 quem
994 1808 1195 1888 spreverant,
1219 1804 1318 1886 impe-

252 1919 278 1959 rs
292 1892 376 1955 rium
407 1892 534 1956 dabant.
580 1892 649 1956 Nec
679 1896 761 1957 velle
789 1914 848 1956 nec
875 1896 962 1957 nolle
987 1894 1160 1977 quicquam
1184 1894 1239 1957 diu
1262 1914 1318 1975 po-

293 1985 407 2064 terant,
430 1981 680 2065 paenitebatque
703 1982 799 2046 modo
825 1982 961 2065 consilii,
985 1983 1081 2045 modo
1103 1982 1318 2065 paenitentiae

293 2070 402 2154 ipsius.
443 2069 495 2133 Ad
519 2071 670 2135 ultimum
693 2075 802 2134 temen
825 2072 860 2134 in
884 2073 1015 2155 stirpem
1040 2072 1162 2157 regiam
1186 2070 1318 2135 inclina-

292 2181 365 2223 vere
390 2159 513 2224 studiis.
561 2158 707 2224 Cesserat
735 2182 774 2223 ex
803 2160 954 2225 contione
978 2160 1173 2225 Arrhidaeus
1202 2160 1365 2243 princi-11

292 2270 369 2331 pum
395 2249 586 2313 auctoritate
607 2250 811 2332 conterritus,
835 2254 867 2313 et
885 2250 1023 2314 abeunte
1042 2251 1099 2314 illo
1121 2251 1318 2314 conticuerat

252 2364 278 2405 so
292 2337 396 2421 magis
420 2360 516 2421 quam
541 2338 727 2423 elanguerat
750 2339 900 2403 militaris
923 2339 1027 2403 favor:
1056 2339 1167 2422 itaque
1190 2359 1316 2403 revoca-

292 2430 345 2490 tus
376 2431 498 2490 vestem
525 2427 649 2511 fratris,
682 2450 751 2491 eam
782 2428 901 2512 ipsam,
934 2449 1016 2512 quae
1043 2428 1078 2491 in
1107 2430 1187 2492 sella
1211 2428 1319 2511 posita

292 2516 411 2597 iuerat,
443 2516 596 2580 induitur.
643 2516 688 2579 Et
710 2516 873 2601 Meleager
905 2516 1035 2582 thorace
1068 2521 1197 2599 sumpto
1231 2518 1318 2599 capit
1339 2531 1365 2579 11

293 2626 391 2688 arma,
413 2605 491 2668 novi
513 2607 598 2690 regis
623 2609 759 2669 satelles.
799 2604 954 2689 Sequitur
977 2605 1118 2689 phalanx
1142 2605 1244 2668 hastis
1263 2606 1319 2668 cli-

294 2715 372 2777 peos
396 2694 559 2777 quatiens,
582 2695 749 2778 expletura
774 2716 807 2758 se
832 2695 988 2779 sanguine
1012 2695 1158 2777 illorum,
1187 2694 1243 2776 qui
1266 2693 1320 2756 ad-

368 2876 381 2922 1
403 2868 502 2940 stirpe]
522 2873 617 2938 styrpe
637 2874 666 2923 Ε.
744 2869 867 2940 genitos]
887 2869 1000 2939 genitus
1019 2876 1047 2922 P.
1128 2874 1144 2921 3
1163 2869 1317 2939 potestate]

293 2943 465 3009 potestatem
484 2947 536 2993 ΒΡ.
614 2940 739 3011 4haud]
758 2940 830 2993 haut
848 2946 868 2992 F
883 2958 917 2995 m.
929 2958 973 3008 pr.
1052 2939 1321 3063 iniuriahiniuriam

295 3018 363 3065 Lm.
375 3030 419 3079 pr.
490 3012 579 3065 esuis
596 3012 717 3065 Giuoto:
732 3012 776 3064 his
791 3017 821 3064 Δ.
891 3011 1096 3081 6Philippum]
1107 3011 1157 3079 phi
1182 3011 1280 3079 ippum
1290 3016 1318 3063 F.

296 3089 310 3135 7
332 3082 482 3152 suffragari
500 3090 527 3151 1,
548 3082 708 3152 subfragari
726 3087 749 3134 Δ
768 3081 935 3153 [suffragare
954 3084 988 3154 V]
1070 3082 1130 3150 spei
1148 3083 1260 3151 scripsi:
1279 3081 1321 3133 rei

294 3154 426 3279 iiiiii
449 3159 480 3208 A'
525 3154 902 3309 sthggaffieggggeffinssga
926 3158 1112 3295 ”pilatio
1135 3151 1320 3292 patritii]

297 3297 497 3367 91et1deleei.
572 3303 604 3349 12
625 3314 650 3350 sr
670 3296 791 3351 Giunta:
812 3297 866 3349 etsi
881 3302 910 3363 c,
935 3296 992 3364 ipsi
1011 3303 1039 3349 P.
1119 3300 1151 3348 13
1172 3295 1320 3365 duratura]

297 3370 432 3421 duratura
451 3370 514 3421 tura
533 3373 561 3421 r.
599 3366 725 3420 luxuriat
739 3368 847 3422 Lauer:
867 3367 979 3420 luxuria
993 3372 1023 3422 Δ.
1080 3366 1243 3437 Perdiccae]
1258 3381 1320 3433 per-

296 3440 376 3493 dicae
396 3445 425 3492 r.
518 3444 551 3492 14
570 3438 672 3510 electo]
692 3438 782 3492 electe
800 3444 833 3502 Ρ,
858 3438 948 3492 electa
962 3444 993 3492 V.
1084 3436 1230 3508 Philippo]
1249 3435 1321 3505 phy-

295 3510 376 3579 lippo
395 3516 423 3562 F.
506 3526 590 3578 quem
613 3512 776 3579 spreverant
796 3510 956 3564 Acidaliae:
982 3526 1067 3578 quam
1087 3512 1271 3577 sperauerant
1290 3512 1320 3560 Δ.

298 3587 330 3636 17
351 3581 479 3651 stirpem]
500 3586 625 3649 styrpem
644 3587 673 3635 F.
757 3585 790 3634 18
810 3581 952 3651 contione]
973 3581 1107 3634 concione
1125 3586 1156 3633 V.
1225 3579 1321 3632 Arrhi-

297 3655 383 3707 daeus
402 3654 562 3721 Zuorptius:
588 3652 734 3706 arrhideus
753 3659 786 3719 Ρ,
811 3651 957 3705 arithdeus
976 3659 1001 3706 0.
1090 3656 1123 3704 19
1143 3651 1206 3722 illo]
1225 3650 1273 3703 ille
1292 3656 1320 3704 P.

298 3728 331 3777 20
351 3724 529 3795 elanguerat]
547 3724 697 3794 languerat
716 3730 742 3777 0.
807 3729 840 3775 22
860 3722 1000 3795 induitur]
1019 3723 1147 3776 induitur
1166 3728 1194 3774 Ρ.
1246 3721 1321 3775 >tho-

296 3796 372 3866 race]
392 3795 490 3849 thrace
508 3801 528 3847 1²
546 3813 580 3849 m.
595 3812 638 3862 pr.
711 3799 745 3847 23
759 3794 896 3865 phalanx]
910 3795 1052 3864 phaloncx
1066 3799 1096 3847 V.
1123 3860 1125 3863 y
1171 3792 1276 3861 clipeos
1294 3799 1320 3845 1:

298 3866 413 3935 clypeos
432 3870 463 3919 Δ.
538 3872 572 3919 24
591 3866 749 3936 expletura]
768 3866 929 3934 expleturas
948 3872 975 3919 Ρ.
