3150 4459
432 444 688 498 HISTORIARUM
707 444 922 499 ALEXANDRI
941 445 1025 512 VIIII,
1045 452 1070 500 8.
1199 445 1264 509 339

239 606 350 671 Sambi
382 608 469 691 regis
501 608 582 671 fines
611 607 776 693 ingressus
806 612 854 672 est
877 608 1053 692 multisque
1077 609 1206 694 oppidis
1231 610 1265 673 in

237 696 335 759 fidem
359 696 499 779 acceptis
523 696 756 761 validissimam
780 697 888 782 gentis
912 697 1023 761 urbem
1047 698 1195 762 cuniculo
1216 719 1264 762 ce-

238 786 295 868 pit.
342 785 494 851 Barbarie
523 786 628 850 simile
657 787 798 851 monstri
821 786 926 850 visum
952 791 999 851 est
1022 786 1157 851 rudibus
1180 788 1264 851 mili·
1285 804 1318 851 14

238 874 357 937 tarium
390 897 539 958 operum:
570 875 691 959 quippe
723 876 758 939 in
792 875 897 939 media
919 876 1021 939 ferme
1044 876 1123 939 urbe
1147 877 1264 941 armati

212 967 324 1029 sterra
362 963 544 1027 existebant
581 968 673 1029 nullo
709 964 839 1029 suffossi
872 986 985 1047 specus
1018 969 1093 1028 ante
1124 966 1263 1051 vestigio

238 1053 333 1117 facto.
379 1070 477 1117 cxxx
506 1052 598 1118 milia
620 1052 775 1118 indorum
803 1055 839 1117 in
867 1075 905 1117 ea
931 1054 1063 1140 regione
1087 1076 1177 1120 caesa
1202 1053 1317 1118 Oli-16

187 1206 190 1210 .
238 1142 370 1206 tarchus
394 1146 444 1206 est
466 1146 581 1206 auctor
603 1144 789 1226 multosque
814 1144 962 1226 captivos
986 1142 1047 1207 sub
1071 1164 1190 1208 corona
1214 1166 1263 1208 ve-

237 1232 331 1295 nisse.
385 1231 511 1295 Rursus
541 1230 701 1296 Musicani
734 1231 933 1296 defecerunt:
967 1231 1007 1295 ad
1039 1254 1121 1316 quos
1154 1235 1264 1316 oppri·
1285 1249 1317 1297 16

237 1320 371 1385 mendas
390 1322 508 1384 missus
528 1324 576 1385 est
562 1320 645 1384 tPit
631 1321 722 1403 thou,
741 1322 798 1404 qui
817 1325 948 1404 captum
963 1321 1143 1406 principem
1158 1324 1264 1408 gentis

197 1434 224 1475 11
237 1410 438 1492 eundemque
458 1408 647 1473 defectionis
667 1413 833 1474 auctorem
852 1409 987 1474 adduxit
1001 1411 1041 1474 ad
1055 1432 1172 1511 regem.
1192 1410 1264 1486 Quo

236 1497 460 1563 Alexander
451 1520 486 1561 111
509 1520 637 1562 crucem
670 1498 799 1564 sublato
827 1521 939 1563 rursus
968 1521 1108 1583 amnem,
1140 1500 1263 1583 inquo

238 1586 372 1652 classem
396 1591 564 1670 expectare
587 1610 621 1652 se
644 1588 791 1670 iusserat,
814 1589 940 1673 repetit.

304 1676 427 1753 Quarto
452 1676 566 1741 deinde
589 1677 641 1740 die
664 1677 805 1741 secundo
830 1699 923 1742 amne
946 1678 1153 1761 pervenitad
1172 1679 1264 1761 oppi-
1285 1694 1317 1741 17

238 1766 324 1848 dum,
348 1765 435 1849 quod
458 1766 494 1828 in
515 1787 616 1851 regno
641 1766 707 1830 imo
727 1771 796 1831 erat
811 1765 931 1830 Sambi.
964 1765 1078 1850 Nuper
1093 1767 1196 1832 seille
1212 1766 1263 1831 de-

197 1879 222 1919 11
237 1854 377 1937 diderat,
409 1854 465 1918 sed
493 1855 648 1938 oppidani
676 1855 899 1920 detrectabunt
926 1855 1099 1938 imperium
1123 1863 1155 1919 et
1179 1856 1263 1920 clau-

238 1946 345 2006 serant
377 1947 496 2026 portas.
557 1944 702 2020 Quorum
733 1946 897 2028 paucitate
930 1948 1118 2028 contempta
1149 1967 1206 2008 rex
1236 1963 1263 2008 D
1284 1960 1316 2008 18

237 2030 399 2115 Agrianos
421 2034 551 2097 moenia
571 2033 679 2097 subire
698 2035 796 2097 iussit
814 2038 846 2098 et
866 2034 985 2098 sensim
1004 2033 1188 2097 recedentes
1207 2035 1263 2098 eli-

238 2143 308 2185 cere
338 2125 428 2185 extra
450 2143 561 2187 muros
584 2122 727 2205 hostem,
760 2126 946 2188 secuturum
970 2122 1131 2207 profecte,
1163 2123 1188 2187 si
1214 2124 1263 2187 fu-

237 2232 312 2294 gere
336 2233 390 2275 eos
414 2210 567 2276 crederet
614 2210 764 2296 Agriani,
788 2209 1032 2296 sicut1mperat
1033 2234 1088 2275 um
1113 2213 1263 2297 erat,t-la
1283 2227 1316 2275 19

196 2325 223 2365 ro
237 2300 334 2364 cessit
336 2320 355 2363 ο
374 2300 469 2365 hoste
488 2299 576 2364 subit
562 2304 597 2365 to
614 2305 706 2387 terga
720 2305 900 2366 verterunt:
919 2323 1000 2384 quos
1015 2300 1145 2364 barbari
1164 2303 1263 2366 effuse

238 2393 372 2471 sequent
373 2411 407 2454 es
430 2389 465 2453 in
488 2389 583 2473 alios,
606 2390 691 2454 inter
714 2412 796 2473 quos
820 2391 888 2473 ipse
912 2413 968 2455 rex
992 2394 1073 2469 erat,
1106 2390 1262 2456 incidunt.

236 2478 404 2542 Renovato
433 2500 511 2563 ergo
539 2478 665 2563 proelio
694 2501 733 2543 ex
756 2497 795 2543 111
818 2479 951 2544 milibus
980 2479 1190 2544 barbarorum
1215 2496 1263 2545 Dc

184 2572 222 2627 88
237 2568 320 2630 oaesi
344 2572 427 2649 sunt,
451 2586 477 2630 M
501 2568 598 2652 capti,
621 2568 720 2633 ceteri
739 2568 909 2632 moenibus
927 2568 1017 2633 urbis
1037 2568 1162 2634 inclusi.
1199 2568 1263 2633 Sed
1282 2585 1316 2633 20

236 2678 302 2720 non
325 2660 362 2720 ut
385 2657 491 2741 prima
514 2659 622 2739 specie
644 2658 730 2721 laeta
752 2657 898 2741 victoria,
923 2658 970 2722 ita
993 2662 1108 2722 eventu
1134 2680 1263 2741 quoque

195 2771 220 2811 11
236 2746 312 2810 fuit:
336 2741 459 2830 quippe
482 2746 611 2810 barbari
635 2768 759 2811 veneno
782 2747 946 2812 tinxerant
967 2746 1102 2830 gladios.
1148 2746 1263 2831 Itaque

237 2835 338 2900 saucii
356 2835 492 2901 subinde
511 2835 712 2920 expirabant,
735 2856 796 2899 neo
815 2857 910 2900 causa
928 2840 995 2899 tam
1016 2840 1164 2901 strenuae
1178 2859 1262 2901 mor-

236 2924 280 2987 tis
305 2925 481 3009 excogitari
504 2930 634 3010 poterat
657 2949 676 2990 a
698 2925 843 3008 medicis,
866 2946 939 2989 cum
964 2925 1061 2989 otiam
1085 2926 1172 2989 leves
1196 2927 1263 3009 pla

237 3035 296 3097 gae
320 3013 515 3079 insanabiles
539 3019 653 3079 essent.
696 3013 831 3079 Barbari
855 3018 962 3078 autem
987 3018 1194 3098 speraverant
1215 3015 1261 3078 in·
1280 3031 1313 3078 11

310 3266 325 3311 2
346 3259 423 3327 cepit
440 3266 466 3312 1:
487 3260 581 3329 coepit
594 3267 625 3314 A.
708 3266 724 3314 ὅ
744 3261 916 3333 existebant]
936 3258 1077 3315 existebat
1095 3266 1121 3313 c.
1204 3260 1262 3313 suf-

237 3330 305 3384 fossi
320 3337 346 3383 1:
366 3330 464 3384 suffosi
478 3337 509 3383 A.
588 3338 604 3385 6
623 3352 696 3386 cxxx
709 3333 791 3387 milia
806 3334 947 3388 Raderusz
967 3337 1036 3385 neco
1050 3338 1078 3398 P,
1098 3350 1166 3385 noce
1181 3340 1206 3385 c.

237 3401 293 3456 Clit
281 3403 439 3456 tarchusl.
466 3401 649 3470 clitarousc‚
674 3403 875 3459 clitharousP.
960 3403 1059 3475 laub]
1079 3422 1111 3457 su
1130 3410 1150 3455 L
1169 3422 1203 3457 m
1214 3422 1260 3472 pr.

238 3480 253 3527 9
281 3473 385 3526 Pithon
413 3473 582 3528 Frobeaiuc:
612 3445 789 3543 pliytonA.¹
891 3480 923 3529 11
953 3476 1076 3547 amnem]
1105 3475 1206 3529 abnem
1230 3482 1259 3529 V.

238 3550 271 3599 14
298 3561 386 3613 regno
415 3545 472 3598 imo
501 3546 622 3614 Ieepius·
650 3563 681 3600 re
721 3564 769 3600 um
798 3552 828 3600 A.
952 3547 1047 3601 Sambi
1076 3554 1101 3600 1:
1131 3548 1201 3600 sami
1229 3553 1260 3600 A.

238 3623 271 3670 15
290 3617 537 3670 detrectabantc:
557 3617 686 3672 detracta
706 3620 801 3672 ant?
886 3618 1058 3690 clauserant]
1078 3618 1218 3673 clauserat
1231 3625 1260 3672 r.

237 3694 271 3741 20
291 3688 384 3770 hoste]
398 3688 515 3742 hostoB
534 3706 569 3742 m.
579 3706 624 3758 pr.
694 3696 727 3743 22
747 3689 943 3773 barbarorum]
963 3620 1114 3744 barbaium
1134 3695 1202 3745 Bm.
1213 3709 1260 3760 pr.

237 3766 271 3813 25
290 3758 692 3830 tinxerant]tincxerant1’v
737 3766 770 3815 26
792 3761 920 3816 sauoiil
940 3762 1010 3815 socii
1024 3768 1053 3815 A
1102 3766 1136 3815 28
1155 3763 1260 3833 essent]

237 3834 318 3884 erant
336 3836 358 3882 V
373 3850 407 3885 m
418 3850 464 3901 pr.

1057 3921 1112 3972 aa*
