3150 4459
440 456 695 510 HISTORIARUM
713 456 929 509 ALEXANDRI
947 456 1020 525 VIII,
1040 462 1063 510 2.
1081 462 1104 510 3.
1219 457 1284 520 263

261 620 353 685 dolor
372 620 506 703 excepit.
539 619 694 705 Erigyius
713 620 800 684 inter
818 619 922 684 claros
941 621 1038 684 duces
1056 621 1174 684 fuerat:
1190 642 1285 703 quem
1304 637 1338 686 1ο

261 711 439 774 extinctum
459 731 528 773 esse
546 711 643 793 paulo
668 712 750 792 ante,
771 731 867 792 quam
886 713 1099 774 reverteretur
1117 710 1152 773 in
1173 713 1285 792 castra,

262 799 423 885 cognovit.
468 797 647 881 Utriusque
675 798 773 862 funus
803 800 891 863 omni
919 802 1077 882 apparatu
1108 802 1205 882 atque
1228 799 1284 863 ho·

261 910 339 953 nore
362 889 558 952 celebratum
582 892 639 951 est.

208 984 243 1037 11
327 976 436 1041 Dahas
465 977 579 1040 deinde
610 980 767 1041 statuerat
790 980 912 1061 petere:
947 976 992 1040 ibi
1016 998 1155 1059 namque
1179 976 1285 1061 Spita·
1300 984 1339 1037 111

234 1088 376 1131 smenon
409 1088 478 1129 esse
506 1070 711 1150 cognoverat.
758 1065 821 1130 Sed
851 1066 934 1130 hanc
958 1087 1086 1149 quoque
1110 1067 1285 1150 expeditio-

260 1178 343 1238 nem,
366 1159 404 1219 ut
422 1157 574 1239 pleraque
594 1154 665 1237 alia,
688 1157 821 1219 fortuna
841 1154 1037 1240 indulgendo
1058 1156 1088 1219 ei
1105 1177 1285 1238 numquam

260 1246 397 1330 fatigata
424 1266 484 1328 pro
509 1244 641 1309 absente
664 1246 831 1330 transegit.
880 1244 1080 1328 Spitamenes
1104 1246 1214 1310 uxoris
1239 1246 1286 1308 in-

260 1335 387 1398 modico
420 1356 529 1398 amore
557 1334 730 1419 flagrabat,
763 1356 860 1417 quam
889 1355 984 1418 aegre
1011 1334 1123 1419 fugam
1146 1337 1179 1398 et
1201 1356 1285 1398 nova

219 1452 245 1491 10
261 1424 397 1487 subinde
421 1423 518 1486 exilia
540 1425 731 1488 tolerantem
756 1422 790 1487 in
814 1444 909 1487 omne
937 1423 1110 1487 discrimen
1133 1423 1285 1488 comitem

260 1512 418 1577 trahebat.
465 1511 526 1576 llla
555 1512 648 1576 malis
677 1513 814 1597 fatigata
837 1512 1012 1575 identidem
1036 1512 1208 1577 muliebres
1232 1514 1320 1578 ada

260 1601 371 1666 hibere
394 1601 578 1684 blanditias,
602 1605 639 1664 ut
661 1601 788 1665 tandem
810 1603 922 1687 fugam
942 1601 1070 1665 sisteret
1088 1602 1285 1685 victorisque

260 1691 438 1755 Alexandri
459 1690 662 1754 clementiam
682 1694 835 1774 expertus
855 1690 1005 1773 placaret,
1028 1712 1122 1774 quem
1144 1691 1284 1777 effugere

260 1803 326 1844 non
349 1784 469 1864 posset.
506 1779 585 1844 Tres
605 1780 707 1843 adulti
727 1783 819 1845 erant
837 1780 932 1844 liberi
952 1802 1047 1845 exeo
1067 1780 1183 1866 geniti:
1203 1802 1285 1863 quos
1304 1798 1320 1845 3

220 1897 246 1937 1s
261 1891 333 1933 cum
358 1869 482 1953 pectori
505 1869 608 1952 patris
633 1868 839 1952 admovisset,
862 1873 899 1933 ut
922 1871 1036 1933 saltem
1061 1891 1172 1933 eorum
1192 1870 1285 1934 mise-

260 1960 323 2022 reri
347 1961 457 2041 vellet,
490 1958 616 2022 orabat:
649 1962 695 2042 et,
728 1980 792 2042 quo
817 1958 1013 2022 efficaciores
1038 1962 1147 2032 essent,
1166 1979 1285 2043 preces,

260 2046 348 2111 haud
375 2048 489 2132 procul
517 2051 584 2112 erat
607 2044 799 2111 Alexander.
845 2046 905 2112 Ille
933 2069 966 2111 se
989 2048 1097 2131 prodi,
1129 2070 1194 2112 non
1218 2066 1320 2113 moe

260 2138 329 2201 neri
352 2142 441 2202 ratus
466 2141 498 2200 et
518 2138 641 2200 formae
661 2138 806 2219 profecto
825 2137 945 2202 fiducia
963 2158 1080 2220 cupere
1098 2159 1168 2201 eam
1187 2160 1283 2222 quam

260 2229 401 2310 primum
427 2226 499 2290 dedi
522 2225 707 2290 Alexandro
732 2227 894 2291 acinacem
918 2226 1051 2291 strinxit
1073 2247 1284 2310 percussurus

219 2345 246 2384 ao
260 2338 402 2398 uxorem,
425 2316 490 2380 nisi
509 2314 694 2399 prohibitus
713 2320 798 2380 esset
817 2316 953 2379 fratrum
973 2318 1042 2380 eius
1058 2337 1200 2381 occursu.
1229 2314 1284 2380 Oe·
1304 2334 1319 2381 5

261 2410 366 2469 terum
390 2405 478 2468 abire
501 2428 519 2468 e
542 2409 717 2488 conspectu
741 2404 833 2469 iubet
855 2405 966 2469 addito
990 2409 1080 2469 metu
1103 2406 1225 2488 mortis,
1257 2406 1282 2470 si

261 2516 294 2558 se
323 2493 426 2558 oculis
454 2494 523 2558 eius
551 2493 736 2578 obtulisset,
768 2499 801 2559 et
831 2494 870 2557 ad
895 2494 1088 2559 desiderium
1112 2494 1285 2560 levandum

260 2587 371 2648 noctes
396 2605 490 2668 agere
514 2584 599 2647 inter
621 2583 740 2667 pelices
764 2584 879 2668 coepit.
918 2582 981 2647 Sed
1001 2586 1130 2667 penitus
1149 2584 1284 2648 haerens
1304 2602 1319 2649 6

260 2695 351 2737 amor
373 2673 503 2737 fastidio
528 2672 746 2756 praesentium
770 2694 923 2737 accensus
948 2676 1004 2736 est.
1042 2672 1155 2756 Itaque
1173 2695 1284 2737 rursus

220 2762 316 2830 111111
345 2763 375 2825 ei
404 2762 530 2826 deditus
555 2784 646 2826 orare
668 2783 736 2826 non
759 2762 896 2843 destitit,
929 2765 966 2825 ut
989 2761 1047 2825 tali
1071 2761 1206 2827 consilio
1231 2762 1284 2825 ab·

261 2854 394 2915 stineret
416 2856 645 2935 patereturque
669 2855 799 2933 sortem,
831 2872 1067 2934 quamcumque
1090 2851 1130 2913 iis
1154 2851 1284 2915 fortuna

260 2941 401 3005 fecisset:
425 2941 487 3005 sibi
511 2945 648 3004 mortem
673 2939 836 3004 deditione
860 2962 929 3004 esse
951 2940 1114 3004 leviorem.
1160 2939 1205 3004 At
1228 2941 1284 3005 illa
1305 2958 1319 3005 1

260 3052 398 3114 purgare
422 3051 468 3113 se,
492 3030 592 3113 quod,
616 3052 697 3113 quae
721 3030 815 3093 utilia
838 3051 907 3094 esse
931 3028 1094 3112 censebat,
1121 3029 1284 3093 muliebri·

261 3123 310 3181 ter
333 3118 480 3202 forsitan,
503 3120 558 3183 sed
582 3118 646 3182 fida
669 3123 777 3183 tamen
802 3123 909 3184 mente
928 3119 1095 3183 suasisset:
1120 3118 1158 3182 de
1177 3122 1283 3183 cetero

220 3236 246 3274 ao
260 3208 402 3272 futuram
426 3209 460 3271 in
483 3208 544 3272 viri
568 3211 737 3291 potestate.
775 3206 979 3291 Spitamenes
998 3208 1150 3271 simulato
1170 3213 1283 3291 captus
1303 3224 1318 3271 8

333 3498 347 3543 1
368 3490 489 3562 excepit]
509 3490 638 3559 excoepit
655 3496 683 3544 P.
775 3489 908 3561 Erigyius
927 3492 1094 3546 Frobeuiue:
1119 3490 1232 3560 eriguus
1251 3496 1282 3543 A.

261 3569 276 3615 5
296 3563 405 3633 Dahas]
425 3563 511 3616 dahas
530 3568 551 3614 12
570 3580 604 3615 m.
619 3580 665 3631 pr.
758 3566 877 3631 9aegre
900 3560 999 3630 fugam
1020 3563 1139 3618 Giunta:
1169 3578 1283 3630 aegram

259 3635 330 3703 fuga
349 3639 379 3688 Δ.
455 3640 487 3686 16
507 3632 690 3705 efficaciores]
710 3632 878 3687 efficatiores
898 3639 952 3687 FP.
1027 3639 1060 3687 18
1081 3632 1195 3704 fiducia]
1211 3633 1283 3686 fidu·

260 3707 302 3758 tia
316 3711 372 3759 Π.
452 3709 485 3757 19
505 3705 661 3776 acinacem]
681 3704 820 3758 acinacim
839 3710 946 3759 mv.
1034 3704 1159 3775 strinxit]
1183 3704 1283 3758 111111-

260 3778 303 3831 xit
321 3784 340 3829 P
431 3777 626 3848 percussurus]
649 3794 831 3846 percursurus
850 3782 880 3830 V.
973 3781 1007 3830 20
1026 3775 1197 3847 prohibitus]
1219 3793 1281 3853 pro-

260 3850 337 3904 bitus
356 3855 386 3901 V.
462 3855 494 3902 21
516 3867 530 3901 1
550 3851 702 3923 conspectu
722 3853 808 3909 BLV:
828 3850 981 3926 conspectu
1000 3853 1054 3920 ΕΡἹ
