3150 4459
334 447 376 511 82
713 446 744 511 Q.
764 445 874 500 GURTI
892 444 978 498 RUFI

334 611 421 675 niam
442 632 538 693 quam
557 609 693 695 gloriam
715 609 854 691 mallem,
873 610 901 673 si
919 608 1114 673 Parmenion
1132 630 1252 674 essem:
1272 630 1355 674 nune

335 700 516 764 Alexander
541 700 579 763 de
596 704 785 783 paupertate
806 720 935 764 securus
959 721 1030 763 sum
1054 703 1086 761 et
1109 721 1161 763 me
1183 720 1253 764 non
1276 722 1355 764 mer·

282 807 314 855 16
335 793 477 855 satorem
496 790 629 852 memini
648 810 726 872 esse,
751 789 806 853 sed
825 810 941 873 regem.
987 786 1081 852 Nihil
1100 788 1232 871 quidam
1252 788 1353 853 habeo

334 880 455 960 venale,
483 878 538 942 sed
561 879 726 942 fortunam
751 899 855 942 meam
879 876 993 960 utique
1020 898 1086 942 non
1114 877 1229 942 vendo.
1277 876 1355 960 Gap-

333 969 418 1031 tivos
447 967 473 1030 si
498 967 603 1050 placet
631 967 734 1048 reddi,
761 966 929 1032 honestius
958 966 1043 1030 dono
1068 966 1229 1045 dabimus,
1259 989 1384 1050 quami

333 1058 437 1141 pretio
461 1057 683 1121 remittemus'.

281 1165 314 1212 16
401 1144 598 1211 Introductis
623 1145 736 1210 deinde
758 1145 875 1229 legatis
899 1145 939 1209 ad
962 1144 1049 1208 hunc
1067 1144 1198 1209 modum
1225 1167 1353 1229 respon-

335 1236 394 1300 dit:
427 1234 595 1299 ‘Nuntiate
623 1233 728 1299 Dareo
761 1257 822 1317 me,
853 1256 934 1317 quae
962 1234 1093 1299 fecerim
1121 1234 1298 1299 clementer
1324 1237 1354 1298 et

333 1325 518 1408 liberaliter,
548 1347 614 1388 non
645 1324 804 1388 amicitiae
835 1324 904 1387 eius
935 1324 1101 1406 tribuisse,
1132 1322 1188 1389 sed
1221 1328 1354 1388 naturae

282 1432 314 1480 17
335 1436 431 1478 meae.
483 1413 608 1477 Bellum
643 1435 716 1478 eum
749 1413 885 1497 captivis
920 1416 951 1476 et
983 1413 1113 1477 faminis
1146 1433 1259 1498 gerere
1291 1434 1386 1479 nonu

282 1522 314 1570 18
335 1503 436 1568 soleo:
474 1507 616 1567 armatus
655 1502 697 1567 sit
730 1506 870 1586 oportet,
911 1524 1007 1586 quem
1045 1502 1176 1567 oderim.
1235 1500 1355 1578 Quodsi

335 1593 450 1659 saltam
474 1614 587 1677 paoem
611 1592 696 1657 bona
723 1593 786 1656 fide
810 1596 943 1676 peteret,
974 1590 1184 1656 deliberarem
1209 1591 1355 1674 forsitan,

334 1705 374 1746 an
400 1683 515 1746 darem.
563 1680 685 1745 Verum
709 1682 880 1764 enimvero,
905 1703 978 1746 eum
1003 1680 1099 1746 modo
1124 1681 1245 1746 milites
1267 1702 1355 1746 meos

333 1772 450 1836 litteris
486 1771 526 1835 ad
557 1770 788 1855 proditionem,
824 1771 921 1834 modo
953 1770 1074 1835 amieos
1107 1770 1147 1834 ad
1178 1770 1355 1854 perniciem

334 1883 438 1925 meam
462 1861 600 1944 pecunia
623 1860 786 1944 sollicitet,
810 1861 849 1924 ad
868 1860 1119 1924 internecionem
1145 1858 1228 1924 mihi
1251 1882 1389 1944 persea

335 1951 480 2034 quendus
511 1953 567 2032 est,
597 1972 663 2014 non
693 1954 729 2013 ut
758 1950 863 2014 iustus
891 1949 1008 2027 hostis,
1037 1948 1092 2013 sed
1120 1952 1157 2012 ut
1184 1970 1357 2033 percussor

334 2041 503 2103 veneficus.
556 2038 767 2104 Condiciones
801 2061 876 2103 vero
904 2040 1006 2122 paciS,
1039 2060 1118 2122 quas
1147 2037 1298 2123 adfertis,
1331 2038 1356 2103 si

282 2147 314 2194 19
334 2150 495 2212 accepero,
518 2129 675 2193 victorem
694 2151 766 2193 eum
786 2128 918 2193 faciunt.
966 2126 1054 2204 Quae
1073 2132 1147 2210 post
1165 2126 1356 2213 Euphraten

335 2223 418 2301 sunt,
436 2217 613 2282 liberaliter
633 2218 738 2282 donat.
784 2216 851 2282 Ubi
870 2218 971 2303 igitur
989 2240 1040 2281 me
1059 2216 1190 2300 adeatis,
1210 2217 1356 2303 [nempe]

335 2308 430 2371 obliti
453 2310 543 2372 estis:
568 2329 682 2390 nempe
706 2307 792 2371 ultra
815 2307 1005 2390 Euphraten
1028 2329 1108 2371 sum.
1154 2306 1392 2374 Liberalissiso

334 2421 424 2461 mum
444 2418 521 2481 ergo
542 2396 636 2479 dotis,
656 2418 752 2480 quam
771 2398 945 2480 promitt't,
964 2397 1136 2460 terminum
1157 2400 1263 2461 eastra
1287 2419 1358 2461 mea

335 2490 511 2551 transcunt.
558 2484 643 2550 Hinc
666 2508 717 2549 me
742 2486 902 2570 depellite,
925 2488 963 2549 ut
987 2486 1086 2550 sciam
1110 2489 1252 2550 vestrum
1279 2508 1358 2569 esse,

281 2594 316 2641 20
335 2599 399 2661 quo
419 2576 541 2641 ceditis.
588 2575 709 2639 Eadem
728 2574 923 2639 liberalitate
948 2574 1003 2639 dat
1026 2575 1107 2638 mihi
1125 2575 1228 2639 filiam
1251 2597 1357 2640 suam:

334 2688 449 2749 nempe
487 2687 584 2748 quam
627 2665 693 2730 scio
731 2665 828 2728 alicui
865 2686 1030 2729 servorum
1067 2666 1135 2727 eius
1172 2669 1358 2749 nupturam.

335 2755 474 2819 Multum
507 2777 582 2818 vero
613 2754 694 2817 mihi
722 2757 878 2837 praestat,
910 2755 937 2817 si
967 2775 1018 2816 me
1042 2753 1171 2817 Mazaeo
1201 2775 1357 2839 generum
1372 2781 1395 2823 ss

281 2863 313 2910 21
334 2846 518 2929 praeponit!
568 2842 629 2927 Ite,
658 2844 803 2909 nuntiate
828 2845 897 2929 regi
920 2846 1026 2908 vestro
1055 2846 1100 2927 et,
1129 2863 1211 2925 quae
1239 2845 1359 2928 amisit,

407 3133 420 3179 1
441 3127 621 3199 Parmenion]
640 3127 823 3195 parmoenion
839 3134 863 3179 c.
938 3134 952 3179 3
972 3126 1089 3181 memini
1108 3127 1180 3197 esse]
1195 3126 1359 3182 meminisse

334 3205 599 3269 Lor‚pr.1’m.pr.
665 3198 785 3269 lhunc]
805 3199 861 3251 huc
878 3205 947 3252 Pm.
958 3217 1003 3268 pr.
1068 3204 1100 3253 15
1119 3197 1254 3282 pecunia]
1273 3215 1359 3268 pacu-

334 3271 411 3324 niam
430 3276 498 3323 Lm.
511 3288 555 3338 pr.
569 3276 597 3324 Ρ.
689 3270 921 3340 internecionem]
944 3270 1163 3323 internetionem
1181 3275 1214 3337 P,
1239 3271 1359 3325 interni-

335 3341 786 3410 cionemLm.pr.‚internitionem
794 3348 822 3395 F.
862 3348 894 3394 16
904 3340 1357 3410 percussorLauerzperculsorA.

336 3418 368 3466 18
388 3413 564 3484 Euphraten]
584 3413 712 3467 eufraten
732 3419 785 3467 Η.
878 3418 911 3465 19
933 3412 1042 3466 adeatis
1064 3415 1175 3482 scripsi:
1200 3412 1308 3468 adlatis
1327 3419 1357 3467 Α.

334 3490 409 3538 Bur.
430 3502 473 3553 pr.
496 3501 546 3539 om.
568 3487 649 3539 verba
672 3484 829 3539 liberaliter
857 3484 951 3538 donat.
990 3484 1046 3538 Ubi
1068 3484 1157 3555 igitur
1180 3502 1225 3537 me
1251 3485 1358 3539 adfatis

334 3572 435 3626 nempe
454 3555 536 3609 obliti
555 3556 622 3610 estis
645 3573 747 3625 nempe
765 3556 841 3610 ultra
863 3556 1019 3625 euphraten
1039 3574 1111 3622 sum,
1138 3554 1185 3610 aad
1202 3557 1269 3611 add.
1289 3574 1356 3612 corr.

334 3630 366 3682 ia
388 3630 442 3695 siue
467 3630 615 3683 columnae.
708 3629 832 3700 [nempe]
857 3630 906 3682 del.
927 3629 1029 3683 Laeter.
1122 3633 1155 3680 20
1179 3626 1356 3698 Euphraten]

334 3699 461 3755 eufraten
481 3706 509 3754 F.
590 3699 830 3753 Liberalissimum
851 3700 1001 3753 Kiacbiaa:
1021 3699 1111 3753 libera
1129 3698 1312 3753 tissummum
1329 3705 1357 3766 Ρ,

334 3772 500 3825 liberalitati
511 3789 651 3825 summum
661 3779 685 3824 0.
733 3776 767 3823 24
778 3772 890 3841 nempe]
902 3771 1022 3838 nemphe
1032 3777 1059 3825 Ρ.
1108 3770 1278 3841 scio]sciam
1289 3778 1316 3825 P.

334 3844 499 3913 nupturam]
513 3847 665 3911 nuptarum
684 3850 704 3896 L
720 3862 754 3896 la.
764 3861 810 3912 pr.
898 3847 931 3895 26
951 3842 1065 3895 Mazaeo
1085 3842 1189 3897 Aldus:
1210 3858 1307 3897 maaeo
1326 3847 1354 3895 Δ.
