3150 4459
465 439 718 494 HISTORIARUM
737 440 951 494 ALEXANDRI
969 441 1029 508 VH,
1050 447 1073 494 6.
1090 446 1113 495 7.
1234 441 1297 505 231

280 605 466 669 defectionis
482 603 748 687 adprobantibus:
772 605 863 687 sequi
878 608 985 668 tamen
1005 605 1205 688 videbantur,
1225 606 1298 689 quia

279 694 450 776 prohibere
473 715 539 757 non
562 697 720 777 poterant.
757 692 892 757 Interim
911 692 1095 757 Alexander
1118 694 1158 758 ad
1177 693 1300 759 Tanain
1320 710 1353 759 25

279 806 404 847 amnem
423 783 507 846 redit
526 786 567 865 et,
586 786 742 865 quantum
762 783 824 848 soli
839 788 1051 867 occupaverat
1066 785 1189 869 castris,
1207 807 1300 849 muro

279 871 503 936 circumdedit:
536 890 583 935 Lx
616 873 793 936 stadiorum
826 872 916 936 urbis
948 895 1057 937 murus
1090 874 1161 939 fuit.
1208 873 1301 938 Hanc

253 984 408 1045 aquaque
445 962 558 1025 urbem
590 961 819 1027 Alexandriam
859 961 1014 1047 appellari
1047 964 1151 1027 iussit.
1211 958 1300 1047 Opus
1320 981 1354 1028 26

279 1055 370 1115 tanta
393 1050 556 1115 celeritate
579 1051 759 1134 perfectum
783 1056 841 1134 est,
869 1056 906 1115 ut
928 1069 1003 1114 xvn
1027 1052 1088 1135 die,
1111 1074 1208 1135 quam
1232 1076 1301 1117 mu·
1379 1081 1381 1083 ·

279 1141 421 1205 nimenta
445 1142 584 1203 excitata
606 1144 707 1223 erant,
730 1145 815 1205 tecta
839 1163 967 1225 quoque
991 1140 1081 1205 urbis
1100 1141 1302 1207 absolveren-

279 1235 338 1293 tur.
385 1228 502 1314 Ingens
530 1229 672 1293 militum
700 1234 863 1294 certamen
890 1233 975 1295 inter
1003 1230 1091 1314 ipsos
1115 1232 1233 1313 fuerat,
1265 1235 1302 1294 ut

279 1342 373 1382 suum
398 1319 534 1402 quisque
556 1341 674 1382 munus
699 1358 742 1365 —
765 1342 841 1384 nam
860 1319 999 1384 divisum
1018 1323 1087 1385 erat
1110 1356 1152 1367 —
1176 1321 1301 1404 primus

239 1438 264 1476 ιο
280 1408 470 1473 ostenderet.
512 1406 640 1472 Incolae
659 1431 761 1473 novae
784 1409 859 1473 urbi
884 1410 950 1473 dati
974 1409 1104 1493 captivi,
1128 1431 1209 1493 quos
1233 1410 1302 1474 red·
1322 1428 1355 1475 27

279 1499 346 1561 dito
378 1498 482 1581 pretio
517 1499 656 1563 dominis
689 1498 852 1563 liberavit:
892 1520 1030 1582 quorum
1063 1500 1185 1582 posteri
1217 1521 1303 1563 nunc

279 1610 408 1671 quoque
431 1609 497 1651 non
521 1588 607 1671 apud
630 1592 769 1652 eostam
792 1589 890 1672 longa
909 1593 1013 1652 aetate
1032 1592 1165 1672 propter
1184 1610 1303 1652 memo·

278 1678 360 1739 riam
384 1676 560 1741 Alexandri
585 1678 803 1741 exoleverunt.

225 1774 263 1828 29
346 1764 391 1829 At
414 1788 470 1829 rex
494 1765 699 1849 Scytharum,
725 1768 816 1832 cuius
840 1771 910 1830 tum
933 1767 1019 1831 ultra
1043 1767 1175 1832 Tanaim
1201 1768 1301 1850 impe·
1314 1776 1366 1829 VH

239 1884 264 1922 15
280 1857 364 1919 rium
388 1859 465 1939 erat,
488 1859 577 1919 ratus
601 1877 671 1918 eam
695 1856 817 1938 urbem,
842 1878 938 1939 quam
961 1857 996 1919 in
1018 1857 1090 1939 ripa
1113 1857 1216 1920 amnis
1236 1856 1303 1921 Ma-

281 1944 416 2007 cedones
449 1944 672 2027 condiderant,
705 1945 773 2008 suis
805 1944 980 2028 inpositam
1013 1966 1082 2010 esse
1116 1945 1303 2029 cervicibus,

281 2032 423 2114 fratrem,
446 2032 628 2097 Carthasim
647 2035 787 2117 nomine,
811 2056 883 2097 cum
902 2057 1021 2119 magna
1040 2035 1186 2118 equitum
1206 2058 1303 2099 manu

280 2123 368 2185 misit
392 2122 431 2185 ad
455 2122 644 2187 diruendam
668 2145 738 2187 eam
758 2125 935 2207 proculque
955 2146 1047 2188 amne
1068 2124 1303 2189 submovendas

280 2210 490 2275 Macedonum
533 2213 650 2295 copias.
710 2213 901 2278 Bactrianos
938 2211 1055 2277 Tanais
1093 2214 1133 2277 ab
1165 2213 1338 2298 scythiae

240 2332 265 2369 20
281 2322 361 2384 quos
385 2300 572 2384 Europaeos
596 2307 721 2384 vocant,
752 2302 876 2383 dividit,
900 2303 985 2367 idem
1009 2301 1122 2367 Asiam
1147 2307 1178 2366 et
1201 2303 1303 2367 Euro·

279 2413 354 2472 pam
385 2391 460 2454 finis
490 2390 656 2455 interfluit.
705 2390 855 2455 Ceterum
880 2392 1073 2476 Scytharum
1106 2413 1184 2476 gens
1217 2393 1339 2461 haud3

279 2481 393 2561 procul
421 2479 557 2543 Thracia
586 2480 649 2544 sita
681 2481 721 2543 ab
756 2480 879 2546 oriente
913 2482 952 2545 ad
985 2482 1235 2565 septentrionem
1270 2504 1303 2545 se

280 2569 376 2632 vertit
402 2568 699 2655 Sarmatarumque,
722 2574 759 2633 ut
783 2570 913 2654 quidam
938 2571 1113 2653 credidere,
1144 2593 1211 2634 non
1233 2571 1304 2634 fini-

280 2657 368 2740 tima,
392 2659 448 2722 sed
469 2680 544 2741 pars
568 2663 624 2723 est.
662 2659 764 2725 Recta
787 2660 902 2724 deinde
924 2661 1056 2745 regione
1080 2660 1198 2724 saltum
1218 2661 1304 2724 ultra
1324 2684 1339 2729 4

240 2776 265 2815 25
280 2745 399 2811 Istrum
422 2748 578 2813 iacentem
602 2748 693 2832 colit,
721 2749 836 2813 ultima
860 2748 969 2831 Asiae,
993 2771 1057 2832 qua
1080 2749 1197 2813 Bactra
1220 2754 1304 2831 sunt,

281 2837 420 2921 stringit.
467 2837 639 2920 Habitant,
672 2861 754 2922 quae
788 2837 1000 2922 septentrioni
1031 2840 1185 2922 propiora
1214 2843 1303 2903 sunt:

353 2982 368 3029 2
389 2977 438 3047 ad]
454 2978 484 3030 at
497 2983 516 3028 L
531 2996 565 3031 m.
577 2996 631 3046 pr,
653 2983 714 3031 av.
770 2978 879 3032 Tanain
894 2982 926 3031 1³:
946 2977 1055 3031 tanaim
1069 2984 1095 3031 c.
1152 2983 1168 3030 3
1183 2995 1303 3047 occupa·

281 3050 359 3100 verat
379 3050 471 3118 Vopal:
492 3051 700 3118 occupauerant
718 3054 749 3102 Δ.
824 3055 839 3102 5
859 3047 1072 3120 Alexandriam]
1093 3049 1257 3103 alexandria
1271 3056 1301 3103 V.

282 3121 423 3190 tut]et1’
437 3138 471 3173 m.
487 3139 527 3187 pr.
584 3122 681 3190 quam]
697 3137 754 3187 qua
764 3126 789 3172 c.
846 3120 1144 3191 8fuerat]fuerast1’.
1201 3121 1303 3175 adivi-

282 3191 506 3261 sum]di1iisuF.
559 3198 590 3245 11
606 3191 710 3262 pretio]
724 3191 826 3261 pciol’.
879 3197 911 3245 12
926 3191 1091 3245 memoriam
1118 3192 1261 3247 miseriam
1275 3200 1302 3247 Ρ.

283 3268 316 3315 14
331 3261 511 3346 Scytharum]
521 3262 675 3316 scitharum
690 3271 707 3315 c
722 3262 869 3335 [scitatum
880 3264 922 3387 V]
979 3269 1012 3316 17
1028 3262 1094 3317 Cart
1115 3264 1198 3335 asim]
1214 3267 1305 3319 carta·

281 3333 335 3386 sim
345 3340 374 3386 V.
432 3339 465 3387 18
480 3334 658 3405 diruendam]
670 3334 849 3403 diripendam
859 3341 888 3388 F.
923 3333 1091 3403 irupendam
1105 3340 1136 3389 V.
1189 3336 1303 3405 19811-

281 3405 338 3457 this
353 3411 378 3457 1:
399 3405 498 3459 scithis
512 3411 542 3458 Δ.
600 3410 633 3458 20
653 3406 733 3477 quos]
755 3407 831 3475 quod
844 3412 864 3458 L
878 3424 913 3461 m.
924 3423 969 3475 pr.
1025 3406 1185 3476 Europaeos
1200 3408 1302 3462 Aldus:

282 3482 455 3545 europeasA.
503 3484 536 3530 21
549 3476 729 3549 Scytharum]
740 3475 1118 3549 scitharum0[schitharum
1128 3479 1168 3550 L]
1215 3479 1303 3550 haud]

282 3550 331 3602 aut
341 3554 371 3601 V.
410 3554 443 3600 22
454 3548 586 3619 Thracia]
597 3548 688 3601 tracia
696 3556 721 3602 c.
760 3548 895 3620 ab]ad1’.
938 3547 1170 3621 septentrionem]
1182 3554 1303 3619 septem-

281 3620 401 3673 trionem
420 3626 447 3673 P.
522 3626 555 3672 23
576 3619 705 3691 quidam]
729 3621 844 3688 quidem
863 3625 894 3675 V.
964 3620 1120 3693 credidere]
1141 3621 1253 3675 credere
1271 3627 1302 3675 v.

282 3697 316 3744 24
330 3691 457 3762 regione]
468 3692 612 3762 regionem
621 3696 649 3745 Ρ.
696 3692 800 3746 saltum
811 3693 933 3761 Icepias:
949 3691 1036 3745 aliurn
1046 3697 1077 3744 Δ.
1127 3698 1160 3745 25
1171 3708 1227 3762 qua
1238 3694 1303 3748 Aa·

282 3762 388 3818 duliae:
404 3779 477 3832 quae
491 3768 521 3817 Δ.
577 3763 692 3835 Bactra]
706 3764 861 3818 bacthral’.
919 3768 952 3816 26
968 3763 1167 3835 septentrioni]
1182 3766 1303 3833 septem·

260 3830 373 3890 ‘trione
387 3841 452 3890 Par.
458 3852 504 3905 pr.
559 3835 692 3905 propiora
706 3843 732 3890 1:
750 3834 866 3905 propria
879 3839 908 3902 Ρ,
921 3834 1053 3905 propriae
1062 3840 1093 3900 v,
1107 3836 1209 3905 propia
1223 3840 1302 3891 BH,
