3150 4459
476 476 729 531 HISTORIARUM
746 476 961 531 ALEXANDRI
981 478 1027 545 VI,
1046 484 1070 533 ὅ.
1223 479 1285 543 161

266 639 383 705 densae
407 645 482 704 sunt
501 641 539 705 de
562 640 723 705 industria
746 642 902 706 consitae:
926 663 1063 724 quarum
1086 646 1215 707 teneros
1234 642 1287 706 ad-

266 729 330 793 11116
347 750 454 793 ramos
473 752 572 793 manu
589 731 733 814 flectunt,
754 751 836 814 qnos
855 732 993 795 intortos
1011 754 1121 796 rursus
1140 732 1288 797 inserunt

265 823 383 883 terrae:
406 819 479 883 inde
502 818 591 883 velut
613 842 652 884 ex
672 820 735 884 alia
752 819 860 884 radice
878 819 1028 884 laetiores
1047 821 1153 885 virent
1169 822 1287 887 trunci.

265 907 350 987 Hos,
383 930 446 990 qua
473 912 589 971 natura
610 910 688 992 fert,
721 909 902 974 adolescere
925 931 989 973 non
1014 910 1137 974 sinunt:
1167 910 1287 995 quippe
1308 928 1342 975 15

237 997 365 1062 salium
384 996 440 1061 alii
463 998 556 1080 quasi
574 1020 660 1063 nexu
678 1003 859 1063 conserunt.
892 997 955 1074 Qui
977 998 1034 1062 ubi
1052 1000 1156 1063 multa
1174 999 1287 1064 fronde

265 1086 375 1150 vestiti
399 1090 488 1167 sunt,
518 1090 669 1171 operiunt
691 1092 824 1153 terram:
855 1089 964 1170 itaque
985 1090 1105 1153 occulti
1123 1110 1286 1153 ramorum

266 1177 355 1240 velut
381 1176 490 1259 laquei
517 1182 673 1261 perpetua
703 1199 797 1262 saepe
825 1178 888 1242 iter
914 1176 1056 1241 cludunt.
1106 1176 1181 1243 Una
1203 1179 1341 1244 1611616

266 1268 334 1327 erat
361 1265 521 1329 caedendo
546 1267 670 1349 aperire
693 1266 827 1350 saltum,
859 1266 915 1331 sed
938 1266 1001 1331 hoc
1025 1288 1153 1350 quoque
1177 1269 1287 1353 magni

266 1354 381 1438 operis.
424 1352 534 1418 Crebri
556 1378 696 1439 namque
718 1356 797 1420 nodi
821 1356 1015 1420 duraverant
1038 1356 1175 1440 stipites,
1198 1356 1288 1420 etin

224 1468 252 1507 10
267 1465 300 1505 se
332 1443 480 1525 inplicati
512 1443 663 1509 arborum
696 1447 778 1510 rami
810 1446 974 1529 suspensis
1005 1445 1132 1509 circulis
1166 1445 1287 1511 similes

265 1532 354 1596 lento
386 1533 506 1596 vimine
533 1532 773 1599 frustrabantur
801 1535 892 1599 ictus.
937 1532 1067 1599 incolae
1090 1539 1198 1599 autem
1220 1536 1287 1599 ritu
1308 1552 1341 1599 17

265 1621 406 1684 ferarum
430 1623 571 1707 virgulta
601 1623 709 1688 subire
732 1624 822 1688 soliti
844 1628 915 1688 tum
939 1646 1067 1707 quoqne
1090 1626 1288 1689 intraverant

211 1710 383 1773 1766116111
414 1711 613 1796 occultisque
642 1714 716 1778 telis
743 1713 871 1777 hostem
901 1713 1109 1778 lacessebant.
1155 1712 1288 1778 111616-

265 1801 413 1864 nantium
446 1801 542 1866 modo
575 1802 711 1866 latibula
743 1806 905 1867 scrutatus
933 1802 1105 1887 plerosque
1134 1802 1288 1885 confodit,

224 1912 250 1953 11
266 1888 307 1952 ad
330 1890 482 1954 ultimum
506 1891 675 1956 circumire
699 1892 818 1955 saltum
841 1891 961 1955 milites
985 1890 1154 1975 1111161,111,
1177 1892 1205 1954 si
1224 1913 1288 1974 qua

266 1982 400 2061 pateret,
424 1979 653 2063 inrumperent.
692 1979 754 2044 Sed
777 1981 900 2066 ignotis
923 1980 1003 2045 locis
1027 1981 1174 2064 plerique
1197 1981 1287 2045 61161-
1308 1998 1341 2046 18

265 2067 391 2151 rabant,
413 2071 602 2152 exceptique
621 2074 698 2133 sunt
717 2069 857 2152 quidam,
876 2070 961 2134 inter
980 2092 1061 2153 quos
1081 2092 1182 2153 equus
1200 2070 1287 2155 regis
1326 2135 1331 2146 ,

267 2194 308 2201 -
342 2156 561 2239 Bucephalam
593 2160 752 2223 vocabant
784 2198 841 2241 —,
878 2182 973 2243 quem
1006 2159 1190 2225 Alexander
1221 2182 1288 2224 non

266 2246 378 2310 ecdem
407 2269 470 2329 quo
500 2251 621 2312 ceteras
649 2248 788 2332 pecudes
813 2249 919 2312 animo
943 2248 1143 2312 aestimabat.
1189 2247 1288 2312 Nam-

224 2360 252 2401 so
267 2356 328 2418 que
361 2336 416 2399 1116
442 2357 502 2400 nec
532 2337 566 2399 in
595 2337 688 2402 dorso
718 2338 856 2401 insidere
884 2360 943 2401 suo
971 2338 1156 2421 patiebatur
1187 2337 1288 2402 alium

265 2427 298 2487 et
320 2446 440 2509 regem,
463 2448 535 2489 cum
559 2430 657 2491 vellet
680 2427 857 2510 escendere,
885 2432 1000 2509 sponte
1024 2449 1131 2512 genua
1152 2427 1288 2491 submit·

265 2517 336 2576 16116
369 2515 549 2597 excipiebat
583 2515 836 2599 credebaturque
864 2516 996 2597 sentire,
1029 2538 1125 2600 quem
1148 2515 1287 2580 veheret.

265 2601 388 2667 Maiore
412 2625 499 2687 erga,
523 2626 619 2687 quam
642 2605 783 2688 decebat,
807 2606 855 2668 ira
874 2604 971 2669 simul
990 2626 1027 2669 ac
1046 2605 1157 2670 dolore
1176 2606 1287 2669 61111111-
1308 2622 1341 2670 16

264 2691 350 2754 161116
379 2715 497 2776 equum
525 2694 679 2779 vestigari
708 2694 799 2759 iubet
831 2699 864 2758 61
891 2717 949 2778 per
976 2696 1184 2777 interpretem
1214 2716 1287 2777 pro-

223 2782 417 2861 renuntiari,
439 2782 474 2846 ni
498 2783 719 2867 reddidissent,
742 2784 905 2848 neminem
924 2805 992 2848 esse
1011 2785 1179 2847 victurum.
1218 2782 1288 2848 Hac

265 2869 508 2935 denuntiatione
527 2871 632 2936 territi
652 2894 724 2937 cum
740 2872 854 2936 ceteris
870 2872 962 2938 donis
977 2895 1097 2956 equum
1116 2872 1287 2937 adducunt.

266 2958 328 3022 Sed
360 2982 401 3023 ne
433 2961 479 3023 616
513 2961 643 3044 quidem
675 2962 844 3048 mitigatus
877 2962 967 3031 caedi
996 2961 1093 3025 silvas
1122 2961 1342 3025 1111161611-26

266 3053 419 3132 gestaque
443 3050 542 3114 humo
567 3073 584 3114 6
608 3050 773 3115 montibus
797 3051 965 3133 planitiem
989 3051 1087 3115 ramis
1108 3050 1287 3134 inpeditam

265 3140 461 3224 exaggerari.
507 3138 576 3203 Iam
606 3142 643 3203 ic
675 3141 876 3223 aliquantum
905 3140 1085 3205 altitudinis
1117 3161 1198 3223 opus
1222 3161 1286 3203 cre·
1306 3155 1339 3203 21

223 3252 251 3293 so
267 3232 364 3310 verat,
388 3249 461 3292 cum
484 3229 613 3293 barbari
637 3229 804 3313 desperato
827 3231 1002 3315 regionem,
1032 3251 1129 3312 quam
1153 3250 1287 3313 occupa

339 3368 419 3439 301]
439 3368 493 3421 dex
512 3373 580 3422 Bm.
593 3386 637 3436 pr.
729 3369 833 3440 41611]
856 3368 929 3423 fert*
948 3375 976 3423 P.
1068 3368 1220 3439 tocculti]
1240 3385 1287 3423 oe-

265 3437 343 3490 cultu
358 3446 383 3492 c.
459 3446 472 3492 7
493 3439 612 3493 cludunt
631 3441 760 3495 Medius:
780 3440 907 3494 cludissst
920 3446 949 3507 P,
968 3439 1060 3495 eludit
1074 3447 1099 3493 0.
1174 3444 1189 3492 9
1208 3456 1285 3493 nam-

264 3509 332 3580 que]
351 3527 473 3578 manquo
491 3517 519 3564 P.
589 3512 771 3583 duraverant]
793 3512 971 3566 nudauerant
984 3517 1012 3565 P.
1083 3518 1116 3565 21
1137 3511 1286 3565 escendere

264 3586 284 3631 P
301 3600 334 3634 61.
350 3600 408 3650 pa:
434 3582 585 3637 ascendere
605 3590 630 3636 (t.
729 3590 762 3635 22
783 3582 1019 3654 credebaturque]
1043 3582 1285 3651 credebanturque

263 3659 388 3721 Prnpr.
446 3658 479 3705 23
499 3670 565 3723 ergo
584 3659 678 3708 om.B.
740 3660 773 3707 26
794 3654 866 3725 Η66]
886 3672 919 3708 66
937 3660 965 3707 P.
1024 3654 1231 3725 21116]11660.

265 3724 317 3794 sic]
332 3726 357 3776 si
370 3731 390 3776 P
404 3743 438 3777 1η.
449 3742 494 3792 pr.
551 3726 737 3797 adgestaque]
756 3726 931 3795 adgestaque
945 3732 965 3778 P
979 3743 1013 3779 m.
1025 3743 1070 3794 pr.
1084 3731 1115 3779 v.
1171 3725 1286 3793 281116-

264 3796 364 3848 nitiem
385 3797 499 3864 Corpus:
526 3796 679 3865 planiciem
698 3802 729 3850 Δ.
812 3802 846 3850 29
865 3798 901 3852 ia
925 3796 1104 3865 aliquantum
1124 3796 1283 3851 Acidaliae:

263 3868 442 3935 aliquantum
459 3873 489 3921 Δ.
554 3869 756 3937 301661161616
774 3875 795 3921 P
809 3886 843 3923 m.
858 3868 914 3937 prl:
935 3868 1077 3937 desperati
1096 3873 1120 3920 0.
