3150 4459
451 457 706 512 HISTORIARUM
724 457 941 512 ALEXANDRI
959 458 1018 525 VH,
1039 464 1079 512 10.
1098 464 1138 511 11.
1238 458 1302 521 247

281 623 413 687 levitate
441 644 612 705 corporum
642 625 674 686 et
702 622 815 687 ardore
843 622 1024 687 animorum
1055 626 1185 686 strenue
1208 621 1306 685 addu-

283 715 368 776 cunt.
406 713 494 787 Quos
513 712 642 775 intuens
661 733 731 775 rex:
751 710 965 793 ‘Vobiscum'‚
988 712 1104 795 iuquit,
1123 711 1154 775 ‘o
1174 711 1305 775 iuvenes

283 806 315 865 et
347 801 410 864 mei
443 803 606 884 aequaleS,
638 801 768 865 urbium
800 801 995 866 invictarum
1024 804 1098 865 ante
1125 823 1178 864 me
1203 802 1305 866 muni·

282 895 391 955 menta
423 890 587 973 superavi,
619 890 779 955 montium
812 891 889 976 iuga
920 891 1055 975 perenni
1087 891 1161 953 nive
1189 890 1306 954 obruta

256 1001 430 1044 remensus
459 1002 544 1062 sum,
576 980 742 1064 angustias
771 978 903 1045 Ciliciae
930 980 1064 1065 intravi,
1099 977 1209 1043 Indiae
1238 980 1306 1043 sine

281 1068 471 1132 lassitudine
495 1069 559 1132 vim
583 1068 715 1155 trigoris
739 1092 811 1134 sum
834 1090 1015 1154 perpessus.
1056 1068 1101 1131 Et
1123 1070 1188 1134 mei
1211 1068 1305 1133 docu-

282 1162 391 1222 menta
413 1157 507 1221 vobis
533 1156 607 1221 dedi
630 1163 663 1221 et
686 1162 793 1223 vestra
815 1158 927 1223 haben.
973 1158 1079 1241 Petra,
1103 1179 1199 1241 quam
1221 1157 1308 1238 vide,
1326 1176 1341 1222 9

282 1249 334 1329 tie,
357 1270 457 1311 uuum
482 1247 606 1311 aditum
624 1246 731 1328 habet,
756 1269 852 1331 quem
872 1248 1001 1312 barbari
1020 1247 1177 1330 obsident,
1202 1250 1308 1313 cetera

282 1339 473 1423 neglegunt:
497 1339 606 1401 nullae
629 1336 760 1423 vigiliae
782 1342 866 1420 suut,
889 1338 953 1401 nisi
972 1358 1054 1420 quae
1073 1341 1177 1402 castra
1194 1341 1307 1402 nostra

242 1452 268 1489 ιο
283 1430 437 1511 spectant.
483 1424 659 1490 Invenietis
687 1428 785 1511 viam,
819 1428 846 1491 si
877 1429 1025 1491 sollerter
1047 1425 1157 1490 rimati
1180 1425 1341 1492 fueritisl

282 1515 388 1579 aditus
406 1514 539 1579 ferentis
559 1515 600 1578 ad
618 1537 779 1581 cacumen.
816 1515 911 1581 Nihil
931 1520 998 1580 tam
1017 1517 1081 1579 alte
1101 1518 1215 1579 natura
1235 1537 1308 1580 con-

283 1605 398 1688 stituit,
422 1626 486 1688 quo
511 1605 614 1668 virtus
637 1627 705 1670 non
727 1605 832 1689 possit
855 1605 943 1669 eniti.
986 1604 1202 1689 Experiendo‚
1226 1627 1308 1688 quae

282 1693 380 1758 ceteri
395 1694 654 1777 desperaverunt,
672 1694 785 1759 Asiam
800 1694 956 1759 habemus
970 1694 1004 1757 in
1018 1698 1187 1777 potestate.
1225 1693 1308 1758 Eva—
1329 1713 1341 1759 1

282 1783 348 1846 dite
377 1783 414 1846 -in
447 1804 612 1847 cacumen:
647 1777 836 1868 quodcum
864 1782 1026 1867 ceperitis,
1061 1782 1204 1849 candidis
1227 1784 1307 1848 velis

242 1897 267 1936 rs
283 1874 412 1957 signum
431 1872 513 1935 mihi
533 1872 667 1937 dabitis:
687 1895 747 1959 ego
767 1874 869 1958 copiis
889 1873 1027 1937 admotis
1046 1872 1173 1937 hostem
1193 1872 1227 1935 in
1248 1894 1308 1937 nos

282 1984 301 2024 a
332 1960 426 2025 vobis
460 1964 654 2026 convertam.
705 1962 891 2027 Praemium
924 1961 985 2028 erit
1018 1961 1061 2044 ei,
1094 1961 1150 2045 qui
1184 1962 1342 2045 primus1

283 2051 488 2133 occupaverit
506 2050 671 2136 verticem,
690 2053 813 2115 talenta
832 2075 862 2135 x,
881 2074 946 2116 uno
965 2051 1073 2115 minus
1091 2050 1237 2135 accipiet,
1252 2051 1308 2135 qui

281 2140 449 2223 proximus
473 2140 502 2203 ei
525 2140 659 2223 venerit,
683 2141 858 2225 eademque
881 2141 922 2204 ad
945 2141 1054 2205 decem
1078 2139 1226 2205 homines
1246 2162 1308 2204 ser-

282 2230 411 2294 vabitur
434 2229 552 2312 portio.
600 2228 731 2294 Certum
754 2234 863 2295 autem
885 2229 989 2295 habeo
1013 2251 1071 2294 vos
1095 2251 1162 2294 non
1184 2233 1253 2294 tam
1270 2229 1309 2294 li-

234 2321 266 2377 12
281 2319 485 2383 beralitatem
509 2318 629 2383 intueri
652 2342 756 2384 meam
781 2342 879 2404 quam
902 2320 1124 2384 voluntatem’.
1163 2319 1223 2383 His
1242 2319 1342 2386 aui-1

241 2434 266 2472 11
282 2409 344 2471 mis
372 2430 481 2493 regem
509 2409 693 2493 audierunt,
726 2413 764 2473 ut
791 2410 855 2473 iam
889 2408 1013 2492 cepisse
1041 2407 1195 2473 verticem
1223 2408 1309 2472 vide-

282 2501 407 2561 rentur:
450 2498 639 2581 dimissique
672 2499 793 2563 ferreos
827 2520 959 2582 cuneoS,
1002 2519 1083 2579 quos
1116 2499 1201 2562 inter
1233 2521 1310 2562 saxa

283 2586 473 2673 defigerent,
506 2588 695 2671 validosque
727 2588 822 2652 funes
854 2587 1019 2671 parabant.
1073 2586 1142 2652 Rex
1175 2586 1341 2654 circum-1

282 2682 394 2741 vectus
419 2680 555 2760 petram,
578 2700 642 2760 qua
665 2677 800 2742 minime
823 2699 917 2762 asper
935 2698 972 2741 ac
990 2680 1182 2761 praeruptus
1202 2676 1308 2741 aditus

242 2766 462 2847 irridebatur,
486 2767 624 2830 secunda
646 2766 768 2852 vigilia,
793 2767 880 2850 quod
903 2766 983 2831 bene
1006 2769 1155 2850 verteret,
1183 2765 1309 2851 ingredi

283 2855 381 2919 iubet.
428 2853 482 2919 Illi
506 2855 668 2921 alimentis
692 2857 726 2919 in
750 2856 886 2919 biduum
909 2856 1048 2940 sumptis
1071 2854 1190 2941 gladiis
1213 2855 1308 2920 modo

283 2948 380 3027 atque
409 2944 510 3009 hastis
538 2944 655 3008 armati
684 2945 794 3009 subire
821 2948 1005 3029 coeperunt.
1050 2942 1100 3009 Ac
1127 2946 1232 3027 primo
1256 2966 1342 3028 pe·1

283 3033 377 3097 dibus
397 3034 536 3119 ingressi
555 3038 644 3097 sunt:
669 3034 792 3115 deinde,
815 3038 853 3098 ut
874 3034 907 3098 in
926 3038 1100 3118 praerupta
1118 3036 1308 3117 perventum

283 3127 342 3206 est,
357 3124 414 3187 alii
427 3122 578 3188 manibus
593 3123 768 3188 eminentia
782 3145 860 3188 saxa
876 3122 1025 3208 conplexi
1038 3125 1181 3188 levavere
1200 3126 1309 3205 semet,

357 3358 372 3404 3
401 3352 583 3424 invictarum]
611 3352 784 3407 inuietarum
812 3358 843 3408 V.
954 3355 1019 3407 ante
1047 3369 1092 3407 me
1120 3358 1153 3406 P:
1187 3353 1254 3406 ante
1282 3359 1308 3406 0.

285 3423 424 3495 thebeo]
444 3424 514 3477 abeo
534 3430 563 3478 V.
666 3425 950 3497 Squem]quam1².
1054 3430 1086 3478 10
1106 3423 1246 3496 sollerter]
1266 3441 1309 3478 so-

282 3495 369 3549 lerter
382 3500 417 3548 r.
511 3502 542 3548 11
563 3497 711 3568 cacumen]
735 3513 890 3551 oeucumen
912 3502 942 3551 P.
1032 3501 1065 3551 13
1090 3496 1310 3564 desperaverunt

285 3568 455 3621 Frobeue'us:
483 3567 696 3636 desperauerint
716 3573 746 3620 Δ.
859 3573 891 3621 14
916 3566 1060 3649 ceperitis]
1084 3566 1233 3636 coeperitis
1255 3571 1308 3621 BP.

286 3644 319 3691 16
340 3656 357 3691 a
375 3638 466 3710 vobis]
487 3639 523 3691 ad
542 3638 624 3692 uobis
639 3644 667 3693 Ρ.
725 3646 757 3693 17
777 3640 901 3710 accipiet
914 3646 947 3693 1’:
967 3638 1091 3708 accipiat
1110 3645 1135 3692 0.
1193 3644 1225 3692 19
1246 3640 1309 3692 Cer-

285 3712 346 3762 tum
360 3711 529 3764 Frobeuius:
550 3713 673 3763 ceterum
693 3716 723 3763 Δ.
794 3716 827 3763 20
847 3710 962 3782 animis]
983 3710 1092 3764 animus
1111 3716 1139 3763 Ρ.
1214 3716 1246 3764 22
1267 3710 1309 3763 di-

285 3781 432 3853 missique]
453 3780 602 3850 dimisique
613 3787 666 3834 FP.
732 3788 766 3834 24
780 3784 905 3854 petram]
919 3785 1001 3851 petra
1012 3788 1037 3835 0.
1102 3782 1174 3907 qua]
1186 3798 1271 3850 quam
1280 3788 1308 3834 P.

286 3859 318 3907 27
331 3854 496 3926 coeperunt]
516 3856 651 3924 ceperunt
666 3859 691 3908 0.
766 3860 799 3910 29
820 3853 942 3910 levavere
962 3854 1142 3927 Waqeaerue:
1176 3869 1259 3908 enare
1279 3858 1311 3906 Δ,
