<?xml version="1.0" encoding="UTF-8"?>
<!DOCTYPE html PUBLIC "-//W3C//DTD XHTML 1.0 Transitional//EN"
    "http://www.w3.org/TR/xhtml1/DTD/xhtml1-transitional.dtd">
<html xmlns="http://www.w3.org/1999/xhtml" xml:lang="en" lang="en">
 <head>
  <title>
</title>
<meta http-equiv="Content-Type" content="text/html;charset=utf-8" />
  <meta name='ocr-system' content='tesseract 3.04.00' />
  <meta name='ocr-capabilities' content='ocr_page ocr_carea ocr_par ocr_line ocrx_word'/>
</head>
<body>
  <div class='ocr_page' id='page_1' title='image "./qcurtirufihisto01rufugoog_0358.png"; bbox 0 0 3150 4459; ppageno 0'>
   <div class='ocr_carea' id='block_1_1' title="bbox 311 408 960 475">
    <p class='ocr_par' dir='ltr' id='par_1_1' title="bbox 311 408 960 475">
     <span class='ocr_line' id='line_1_1' title="bbox 311 408 960 475; baseline -0.005 -10"><span class='ocrx_word' id='word_1_1' title='bbox 311 411 378 474; x_wconf 82' lang='lat'>340</span> <span class='ocrx_word' id='word_1_2' title='bbox 694 408 726 475; x_wconf 81' lang='lat' dir='ltr'>Q.</span> <span class='ocrx_word' id='word_1_3' title='bbox 745 408 856 464; x_wconf 84' lang='lat' dir='ltr'>CURTI</span> <span class='ocrx_word' id='word_1_4' title='bbox 874 408 960 463; x_wconf 76' lang='lat' dir='ltr'><strong>RUFI</strong></span> 
     </span>
    </p>
   </div>
   <div class='ocr_carea' id='block_1_2' title="bbox 257 570 1385 2885">
    <p class='ocr_par' dir='ltr' id='par_1_2' title="bbox 257 570 1385 2885">
     <span class='ocr_line' id='line_1_2' title="bbox 310 570 1345 657; baseline -0.004 -19"><span class='ocrx_word' id='word_1_5' title='bbox 310 577 441 638; x_wconf 93' lang='lat' dir='ltr'>cautum</span> <span class='ocrx_word' id='word_1_6' title='bbox 465 578 497 638; x_wconf 91' lang='lat' dir='ltr'>et</span> <span class='ocrx_word' id='word_1_7' title='bbox 520 574 725 637; x_wconf 88' lang='lat' dir='ltr'>temerarium</span> <span class='ocrx_word' id='word_1_8' title='bbox 751 594 858 657; x_wconf 86' lang='lat' dir='ltr'>regem</span> <span class='ocrx_word' id='word_1_9' title='bbox 885 572 990 654; x_wconf 81' lang='lat' dir='ltr'>excipi</span> <span class='ocrx_word' id='word_1_10' title='bbox 1013 592 1126 655; x_wconf 87' lang='lat' dir='ltr'>posse.</span> <span class='ocrx_word' id='word_1_11' title='bbox 1180 570 1254 636; x_wconf 85' lang='lat' dir='ltr'>Sed</span> <span class='ocrx_word' id='word_1_12' title='bbox 1278 572 1345 635; x_wconf 85' lang='lat' dir='ltr'>torte</span> 
     </span>
     <span class='ocr_line' id='line_1_3' title="bbox 257 660 1346 747; baseline -0.003 -19"><span class='ocrx_word' id='word_1_13' title='bbox 257 664 396 728; x_wconf 88' lang='grc'><strong>2211121</strong></span> <span class='ocrx_word' id='word_1_14' title='bbox 418 663 681 747; x_wconf 89' lang='lat' dir='ltr'>promptissimos</span> <span class='ocrx_word' id='word_1_15' title='bbox 706 662 863 725; x_wconf 84' lang='lat' dir='ltr'><strong>dimicans</strong></span> <span class='ocrx_word' id='word_1_16' title='bbox 887 662 1028 724; x_wconf 87' lang='lat' dir='ltr'>intactus</span> <span class='ocrx_word' id='word_1_17' title='bbox 1053 665 1226 726; x_wconf 84' lang='lat' dir='ltr'>evaserat.</span> <span class='ocrx_word' id='word_1_18' title='bbox 1269 660 1346 725; x_wconf 86' lang='lat' dir='ltr'>Prae</span> 
     </span>
     <span class='ocr_line' id='line_1_4' title="bbox 310 748 1345 835; baseline -0.003 -19"><span class='ocrx_word' id='word_1_19' title='bbox 310 753 404 835; x_wconf 83' lang='lat' dir='ltr'>cipue</span> <span class='ocrx_word' id='word_1_20' title='bbox 419 751 634 833; x_wconf 88' lang='lat' dir='ltr'>Ptolomaeus,</span> <span class='ocrx_word' id='word_1_21' title='bbox 650 752 742 816; x_wconf 86' lang='lat' dir='ltr'>laevo</span> <span class='ocrx_word' id='word_1_22' title='bbox 760 751 897 814; x_wconf 94' lang='lat' dir='ltr'>humero</span> <span class='ocrx_word' id='word_1_23' title='bbox 915 748 1031 814; x_wconf 82' lang='lat' dir='ltr'>leviter</span> <span class='ocrx_word' id='word_1_24' title='bbox 1050 749 1193 832; x_wconf 88' lang='lat' dir='ltr'>quidem</span> <span class='ocrx_word' id='word_1_25' title='bbox 1217 750 1345 830; x_wconf 88' lang='lat' dir='ltr'>saucius,</span> 
     </span>
     <span class='ocr_line' id='line_1_5' title="bbox 310 838 1346 925; baseline -0.001 -20"><span class='ocrx_word' id='word_1_26' title='bbox 310 841 366 905; x_wconf 89' lang='lat' dir='ltr'>sed</span> <span class='ocrx_word' id='word_1_27' title='bbox 389 841 511 905; x_wconf 90' lang='lat' dir='ltr'>maiore</span> <span class='ocrx_word' id='word_1_28' title='bbox 532 841 677 924; x_wconf 89' lang='lat' dir='ltr'>periculo</span> <span class='ocrx_word' id='word_1_29' title='bbox 697 862 795 924; x_wconf 91' lang='lat' dir='ltr'>quam</span> <span class='ocrx_word' id='word_1_30' title='bbox 814 839 946 903; x_wconf 87' lang='lat' dir='ltr'>vulnere</span> <span class='ocrx_word' id='word_1_31' title='bbox 965 838 1126 922; x_wconf 86' lang='lat' dir='ltr'>adfectus,</span> <span class='ocrx_word' id='word_1_32' title='bbox 1153 841 1253 925; x_wconf 89' lang='lat' dir='ltr'>regis</span> <span class='ocrx_word' id='word_1_33' title='bbox 1272 839 1346 904; x_wconf 91' lang='lat' dir='ltr'>solli·</span> 
     </span>
     <span class='ocr_line' id='line_1_6' title="bbox 310 926 1368 1013; baseline -0.003 -19"><span class='ocrx_word' id='word_1_34' title='bbox 310 931 486 995; x_wconf 77' lang='lat' dir='ltr'>citudinem</span> <span class='ocrx_word' id='word_1_35' title='bbox 511 929 543 992; x_wconf 92' lang='lat' dir='ltr'>in</span> <span class='ocrx_word' id='word_1_36' title='bbox 563 951 597 993; x_wconf 88' lang='lat' dir='ltr'>se</span> <span class='ocrx_word' id='word_1_37' title='bbox 617 933 827 994; x_wconf 84' lang='lat' dir='ltr'>converterat.</span> <span class='ocrx_word' id='word_1_38' title='bbox 866 926 1030 1013; x_wconf 82' lang='lat' dir='ltr'>Sanguine</span> <span class='ocrx_word' id='word_1_39' title='bbox 1050 928 1262 993; x_wconf 88' lang='lat' dir='ltr'>coniunctus</span> <span class='ocrx_word' id='word_1_40' title='bbox 1282 932 1368 1008; x_wconf 75' lang='lat' dir='ltr'>erati</span> 
     </span>
     <span class='ocr_line' id='line_1_7' title="bbox 311 1016 1346 1103; baseline -0.003 -21"><span class='ocrx_word' id='word_1_41' title='bbox 311 1022 343 1083; x_wconf 91' lang='lat' dir='ltr'>et</span> <span class='ocrx_word' id='word_1_42' title='bbox 367 1019 496 1102; x_wconf 90' lang='lat' dir='ltr'>quidam</span> <span class='ocrx_word' id='word_1_43' title='bbox 519 1018 672 1102; x_wconf 91' lang='lat' dir='ltr'>Philippo</span> <span class='ocrx_word' id='word_1_44' title='bbox 696 1019 844 1103; x_wconf 89' lang='lat' dir='ltr'>genitum</span> <span class='ocrx_word' id='word_1_45' title='bbox 868 1039 937 1081; x_wconf 89' lang='lat' dir='ltr'>esse</span> <span class='ocrx_word' id='word_1_46' title='bbox 962 1016 1156 1081; x_wconf 89' lang='lat' dir='ltr'>credebant:</span> <span class='ocrx_word' id='word_1_47' title='bbox 1182 1023 1280 1083; x_wconf 87' lang='lat' dir='ltr'>certe</span> <span class='ocrx_word' id='word_1_48' title='bbox 1304 1038 1346 1101; x_wconf 85' lang='lat' dir='ltr'>pe</span> 
     </span>
     <span class='ocr_line' id='line_1_8' title="bbox 257 1104 1347 1191; baseline -0.002 -18"><span class='ocrx_word' id='word_1_49' title='bbox 257 1108 372 1173; x_wconf 83' lang='grc'><strong>231102</strong></span> <span class='ocrx_word' id='word_1_50' title='bbox 396 1110 464 1172; x_wconf 91' lang='lat' dir='ltr'>eins</span> <span class='ocrx_word' id='word_1_51' title='bbox 486 1112 593 1171; x_wconf 89' lang='lat' dir='ltr'>ortum</span> <span class='ocrx_word' id='word_1_52' title='bbox 614 1108 792 1172; x_wconf 73' lang='lat' dir='ltr'>constabat.</span> <span class='ocrx_word' id='word_1_53' title='bbox 829 1104 919 1170; x_wconf 85' lang='lat' dir='ltr'>ldcm</span> <span class='ocrx_word' id='word_1_54' title='bbox 939 1106 1083 1189; x_wconf 86' lang='lat' dir='ltr'>corporis</span> <span class='ocrx_word' id='word_1_55' title='bbox 1104 1110 1228 1171; x_wconf 88' lang='lat' dir='ltr'>custos</span> <span class='ocrx_word' id='word_1_56' title='bbox 1249 1129 1347 1191; x_wconf 89' lang='lat' dir='ltr'>prom·</span> 
     </span>
     <span class='ocr_line' id='line_1_9' title="bbox 310 1194 1347 1281; baseline -0.001 -20"><span class='ocrx_word' id='word_1_57' title='bbox 310 1197 544 1281; x_wconf 86' lang='lat' dir='ltr'>ptissimusque</span> <span class='ocrx_word' id='word_1_58' title='bbox 575 1198 713 1261; x_wconf 85' lang='lat' dir='ltr'>bellator</span> <span class='ocrx_word' id='word_1_59' title='bbox 743 1200 775 1259; x_wconf 89' lang='lat' dir='ltr'>et</span> <span class='ocrx_word' id='word_1_60' title='bbox 805 1196 893 1279; x_wconf 92' lang='lat' dir='ltr'>pacis</span> <span class='ocrx_word' id='word_1_61' title='bbox 924 1194 1048 1259; x_wconf 89' lang='lat' dir='ltr'>artibus</span> <span class='ocrx_word' id='word_1_62' title='bbox 1077 1216 1182 1277; x_wconf 90' lang='lat' dir='ltr'>quam</span> <span class='ocrx_word' id='word_1_63' title='bbox 1216 1197 1347 1261; x_wconf 87' lang='lat' dir='ltr'>militiae</span> 
     </span>
     <span class='ocr_line' id='line_1_10' title="bbox 311 1284 1348 1368; baseline -0.001 -18"><span class='ocrx_word' id='word_1_64' title='bbox 311 1287 415 1350; x_wconf 89' lang='lat' dir='ltr'>maior</span> <span class='ocrx_word' id='word_1_65' title='bbox 442 1291 474 1349; x_wconf 89' lang='lat' dir='ltr'>et</span> <span class='ocrx_word' id='word_1_66' title='bbox 502 1286 630 1349; x_wconf 90' lang='lat' dir='ltr'>clarior:</span> <span class='ocrx_word' id='word_1_67' title='bbox 662 1285 790 1349; x_wconf 91' lang='lat' dir='ltr'>modico</span> <span class='ocrx_word' id='word_1_68' title='bbox 821 1284 974 1368; x_wconf 83' lang='lat' dir='ltr'>civilique</span> <span class='ocrx_word' id='word_1_69' title='bbox 1002 1285 1100 1366; x_wconf 91' lang='lat' dir='ltr'>cultu,</span> <span class='ocrx_word' id='word_1_70' title='bbox 1131 1284 1291 1349; x_wconf 87' lang='lat' dir='ltr'>liberalis</span> <span class='ocrx_word' id='word_1_71' title='bbox 1310 1285 1348 1348; x_wconf 93' lang='lat' dir='ltr'>in-</span> 
     </span>
     <span class='ocr_line' id='line_1_11' title="bbox 310 1373 1373 1460; baseline 0.002 -23"><span class='ocrx_word' id='word_1_72' title='bbox 310 1375 426 1460; x_wconf 86' lang='lat' dir='ltr'>primis</span> <span class='ocrx_word' id='word_1_73' title='bbox 450 1374 605 1458; x_wconf 90' lang='lat' dir='ltr'>adituque</span> <span class='ocrx_word' id='word_1_74' title='bbox 628 1374 715 1439; x_wconf 84' lang='lat' dir='ltr'>facili</span> <span class='ocrx_word' id='word_1_75' title='bbox 740 1374 824 1437; x_wconf 91' lang='lat' dir='ltr'>nihil</span> <span class='ocrx_word' id='word_1_76' title='bbox 848 1396 887 1437; x_wconf 86' lang='lat' dir='ltr'>ex</span> <span class='ocrx_word' id='word_1_77' title='bbox 910 1374 997 1437; x_wconf 86' lang='lat' dir='ltr'>fastu</span> <span class='ocrx_word' id='word_1_78' title='bbox 1021 1373 1131 1457; x_wconf 88' lang='lat' dir='ltr'>regiae</span> <span class='ocrx_word' id='word_1_79' title='bbox 1156 1373 1373 1458; x_wconf 82' lang='lat' dir='ltr'>adsumpseu</span> 
     </span>
     <span class='ocr_line' id='line_1_12' title="bbox 258 1461 1347 1548; baseline -0.003 -20"><span class='ocrx_word' id='word_1_80' title='bbox 258 1481 293 1529; x_wconf 88' lang='grc'>24</span> <span class='ocrx_word' id='word_1_81' title='bbox 311 1469 369 1528; x_wconf 89' lang='lat' dir='ltr'>rat.</span> <span class='ocrx_word' id='word_1_82' title='bbox 416 1461 466 1527; x_wconf 90' lang='lat' dir='ltr'>Ob</span> <span class='ocrx_word' id='word_1_83' title='bbox 494 1464 575 1527; x_wconf 90' lang='lat' dir='ltr'>haec</span> <span class='ocrx_word' id='word_1_84' title='bbox 604 1463 674 1548; x_wconf 90' lang='lat' dir='ltr'>regi</span> <span class='ocrx_word' id='word_1_85' title='bbox 698 1485 738 1526; x_wconf 90' lang='lat' dir='ltr'>an</span> <span class='ocrx_word' id='word_1_86' title='bbox 762 1463 979 1546; x_wconf 89' lang='lat' dir='ltr'>popularibus</span> <span class='ocrx_word' id='word_1_87' title='bbox 1004 1461 1108 1527; x_wconf 89' lang='lat' dir='ltr'>carior</span> <span class='ocrx_word' id='word_1_88' title='bbox 1133 1467 1238 1547; x_wconf 89' lang='lat' dir='ltr'>esset,</span> <span class='ocrx_word' id='word_1_89' title='bbox 1264 1464 1347 1527; x_wconf 91' lang='lat' dir='ltr'>dubi·</span> 
     </span>
     <span class='ocr_line' id='line_1_13' title="bbox 311 1554 1350 1636; baseline 0 -19"><span class='ocrx_word' id='word_1_90' title='bbox 311 1554 374 1617; x_wconf 90' lang='lat' dir='ltr'>tari</span> <span class='ocrx_word' id='word_1_91' title='bbox 388 1557 529 1636; x_wconf 88' lang='lat' dir='ltr'>poterat:</span> <span class='ocrx_word' id='word_1_92' title='bbox 549 1557 620 1616; x_wconf 88' lang='lat' dir='ltr'>tum</span> <span class='ocrx_word' id='word_1_93' title='bbox 634 1556 720 1615; x_wconf 88' lang='lat' dir='ltr'>certe</span> <span class='ocrx_word' id='word_1_94' title='bbox 734 1554 876 1635; x_wconf 89' lang='lat' dir='ltr'>primum</span> <span class='ocrx_word' id='word_1_95' title='bbox 891 1554 1042 1634; x_wconf 86' lang='lat' dir='ltr'>expertus</span> <span class='ocrx_word' id='word_1_96' title='bbox 1057 1572 1197 1615; x_wconf 87' lang='lat' dir='ltr'>suorum</span> <span class='ocrx_word' id='word_1_97' title='bbox 1214 1555 1350 1635; x_wconf 87' lang='lat' dir='ltr'>animos,</span> 
     </span>
     <span class='ocr_line' id='line_1_14' title="bbox 312 1640 1349 1725; baseline 0 -19"><span class='ocrx_word' id='word_1_98' title='bbox 312 1642 391 1706; x_wconf 90' lang='lat' dir='ltr'>adeo</span> <span class='ocrx_word' id='word_1_99' title='bbox 422 1646 459 1706; x_wconf 91' lang='lat' dir='ltr'>ut</span> <span class='ocrx_word' id='word_1_100' title='bbox 489 1641 669 1725; x_wconf 86' lang='lat' dir='ltr'>fortunam,</span> <span class='ocrx_word' id='word_1_101' title='bbox 702 1642 736 1704; x_wconf 91' lang='lat' dir='ltr'>in</span> <span class='ocrx_word' id='word_1_102' title='bbox 767 1663 862 1724; x_wconf 89' lang='lat' dir='ltr'>quam</span> <span class='ocrx_word' id='word_1_103' title='bbox 891 1647 1006 1724; x_wconf 87' lang='lat' dir='ltr'>postea</span> <span class='ocrx_word' id='word_1_104' title='bbox 1034 1640 1198 1723; x_wconf 90' lang='lat' dir='ltr'>ascendit,</span> <span class='ocrx_word' id='word_1_105' title='bbox 1236 1643 1271 1706; x_wconf 91' lang='lat' dir='ltr'>in</span> <span class='ocrx_word' id='word_1_106' title='bbox 1297 1642 1349 1707; x_wconf 93' lang='lat' dir='ltr'>illo</span> 
     </span>
     <span class='ocr_line' id='line_1_15' title="bbox 258 1728 1351 1815; baseline -0.003 -21"><span class='ocrx_word' id='word_1_107' title='bbox 258 1747 292 1795; x_wconf 77' lang='grc'>22</span> <span class='ocrx_word' id='word_1_108' title='bbox 312 1730 456 1815; x_wconf 90' lang='lat' dir='ltr'>periculo</span> <span class='ocrx_word' id='word_1_109' title='bbox 487 1730 680 1795; x_wconf 81' lang='lat' dir='ltr'>Macedones</span> <span class='ocrx_word' id='word_1_110' title='bbox 711 1729 847 1795; x_wconf 89' lang='lat' dir='ltr'>ominati</span> <span class='ocrx_word' id='word_1_111' title='bbox 879 1751 949 1793; x_wconf 88' lang='lat' dir='ltr'>esse</span> <span class='ocrx_word' id='word_1_112' title='bbox 981 1728 1161 1793; x_wconf 77' lang='lat' dir='ltr'>videantur.</span> <span class='ocrx_word' id='word_1_113' title='bbox 1220 1729 1351 1815; x_wconf 85' lang='lat' dir='ltr'>Quippe</span> 
     </span>
     <span class='ocr_line' id='line_1_16' title="bbox 311 1819 1378 1905; baseline 0.002 -21"><span class='ocrx_word' id='word_1_114' title='bbox 311 1842 378 1884; x_wconf 88' lang='lat' dir='ltr'>non</span> <span class='ocrx_word' id='word_1_115' title='bbox 408 1819 511 1884; x_wconf 83' lang='lat' dir='ltr'>levior</span> <span class='ocrx_word' id='word_1_116' title='bbox 541 1820 606 1883; x_wconf 90' lang='lat' dir='ltr'>illis</span> <span class='ocrx_word' id='word_1_117' title='bbox 631 1819 811 1884; x_wconf 90' lang='lat' dir='ltr'>Ptolomaei</span> <span class='ocrx_word' id='word_1_118' title='bbox 840 1819 904 1881; x_wconf 87' lang='lat' dir='ltr'>fuit</span> <span class='ocrx_word' id='word_1_119' title='bbox 932 1839 1008 1881; x_wconf 90' lang='lat' dir='ltr'>cura</span> <span class='ocrx_word' id='word_1_120' title='bbox 1031 1839 1128 1901; x_wconf 91' lang='lat' dir='ltr'>quam</span> <span class='ocrx_word' id='word_1_121' title='bbox 1153 1820 1241 1905; x_wconf 87' lang='lat' dir='ltr'>regi.</span> <span class='ocrx_word' id='word_1_122' title='bbox 1292 1819 1378 1896; x_wconf 76' lang='lat' dir='ltr'>Quin</span> 
     </span>
     <span class='ocr_line' id='line_1_17' title="bbox 312 1906 1352 1992; baseline 0.001 -19"><span class='ocrx_word' id='word_1_123' title='bbox 312 1913 344 1973; x_wconf 91' lang='lat' dir='ltr'>et</span> <span class='ocrx_word' id='word_1_124' title='bbox 368 1908 492 1992; x_wconf 90' lang='lat' dir='ltr'>proelio</span> <span class='ocrx_word' id='word_1_125' title='bbox 516 1914 549 1973; x_wconf 90' lang='lat' dir='ltr'>et</span> <span class='ocrx_word' id='word_1_126' title='bbox 573 1909 793 1975; x_wconf 90' lang='lat' dir='ltr'>sollicitudine</span> <span class='ocrx_word' id='word_1_127' title='bbox 811 1908 968 1992; x_wconf 86' lang='lat' dir='ltr'>fatigatus</span> <span class='ocrx_word' id='word_1_128' title='bbox 987 1928 1061 1971; x_wconf 94' lang='lat' dir='ltr'>cum</span> <span class='ocrx_word' id='word_1_129' title='bbox 1076 1906 1280 1974; x_wconf 88' lang='lat' dir='ltr'>Ptolomaeo</span> <span class='ocrx_word' id='word_1_130' title='bbox 1301 1910 1352 1974; x_wconf 84' lang='lat' dir='ltr'>ad·</span> 
     </span>
     <span class='ocr_line' id='line_1_18' title="bbox 313 1996 1351 2081; baseline -0.001 -19"><span class='ocrx_word' id='word_1_131' title='bbox 313 1998 439 2078; x_wconf 90' lang='lat' dir='ltr'>siderct,</span> <span class='ocrx_word' id='word_1_132' title='bbox 462 1999 592 2074; x_wconf 89' lang='lat' dir='ltr'>lectum,</span> <span class='ocrx_word' id='word_1_133' title='bbox 615 1999 650 2061; x_wconf 92' lang='lat' dir='ltr'>in</span> <span class='ocrx_word' id='word_1_134' title='bbox 674 2020 738 2081; x_wconf 91' lang='lat' dir='ltr'>quo</span> <span class='ocrx_word' id='word_1_135' title='bbox 763 1999 832 2080; x_wconf 90' lang='lat' dir='ltr'>ipse</span> <span class='ocrx_word' id='word_1_136' title='bbox 852 1997 1080 2080; x_wconf 86' lang='lat' dir='ltr'>adquiesceret,</span> <span class='ocrx_word' id='word_1_137' title='bbox 1104 1996 1205 2060; x_wconf 90' lang='lat' dir='ltr'>iussit</span> <span class='ocrx_word' id='word_1_138' title='bbox 1228 1999 1351 2063; x_wconf 88' lang='lat' dir='ltr'>inferri.</span> 
     </span>
     <span class='ocr_line' id='line_1_19' title="bbox 259 2084 1353 2170; baseline 0 -18"><span class='ocrx_word' id='word_1_139' title='bbox 259 2086 350 2152; x_wconf 80' lang='grc'><strong>2011</strong></span> <span class='ocrx_word' id='word_1_140' title='bbox 384 2109 479 2170; x_wconf 90' lang='lat' dir='ltr'>quem</span> <span class='ocrx_word' id='word_1_141' title='bbox 511 2092 548 2151; x_wconf 94' lang='lat' dir='ltr'>ut</span> <span class='ocrx_word' id='word_1_142' title='bbox 578 2108 611 2151; x_wconf 91' lang='grc'>22</span> <span class='ocrx_word' id='word_1_143' title='bbox 627 2087 776 2170; x_wconf 78' lang='lat' dir='ltr'>recepit,</span> <span class='ocrx_word' id='word_1_144' title='bbox 808 2086 958 2169; x_wconf 91' lang='lat' dir='ltr'>protinus</span> <span class='ocrx_word' id='word_1_145' title='bbox 982 2085 1079 2148; x_wconf 90' lang='lat' dir='ltr'>altior</span> <span class='ocrx_word' id='word_1_146' title='bbox 1102 2084 1280 2151; x_wconf 89' lang='lat' dir='ltr'>insecutus</span> <span class='ocrx_word' id='word_1_147' title='bbox 1305 2092 1353 2151; x_wconf 90' lang='lat' dir='ltr'>est</span> 
     </span>
     <span class='ocr_line' id='line_1_20' title="bbox 312 2174 1352 2259; baseline 0.001 -18"><span class='ocrx_word' id='word_1_148' title='bbox 312 2198 452 2241; x_wconf 89' lang='lat' dir='ltr'>somnus.</span> <span class='ocrx_word' id='word_1_149' title='bbox 490 2174 542 2239; x_wconf 83' lang='lat' dir='ltr'>Ex</span> <span class='ocrx_word' id='word_1_150' title='bbox 567 2197 631 2259; x_wconf 94' lang='lat' dir='ltr'>quo</span> <span class='ocrx_word' id='word_1_151' title='bbox 656 2177 816 2240; x_wconf 85' lang='lat' dir='ltr'>excitatus</span> <span class='ocrx_word' id='word_1_152' title='bbox 840 2197 898 2259; x_wconf 89' lang='lat' dir='ltr'>per</span> <span class='ocrx_word' id='word_1_153' title='bbox 922 2174 1063 2258; x_wconf 90' lang='lat' dir='ltr'>quietem</span> <span class='ocrx_word' id='word_1_154' title='bbox 1087 2174 1211 2239; x_wconf 86' lang='lat' dir='ltr'>vidisse</span> <span class='ocrx_word' id='word_1_155' title='bbox 1240 2199 1352 2241; x_wconf 79' lang='grc'><strong>2201-</strong></span> 
     </span>
     <span class='ocr_line' id='line_1_21' title="bbox 312 2262 1382 2348; baseline 0.004 -20"><span class='ocrx_word' id='word_1_156' title='bbox 312 2266 405 2348; x_wconf 91' lang='lat' dir='ltr'>ponit</span> <span class='ocrx_word' id='word_1_157' title='bbox 435 2265 575 2348; x_wconf 88' lang='lat' dir='ltr'>speciem</span> <span class='ocrx_word' id='word_1_158' title='bbox 605 2266 752 2329; x_wconf 89' lang='lat' dir='ltr'>draconis</span> <span class='ocrx_word' id='word_1_159' title='bbox 780 2264 923 2328; x_wconf 92' lang='lat' dir='ltr'>oblatam</span> <span class='ocrx_word' id='word_1_160' title='bbox 951 2262 1086 2326; x_wconf 86' lang='lat' dir='ltr'>herbam</span> <span class='ocrx_word' id='word_1_161' title='bbox 1115 2262 1262 2330; x_wconf 88' lang='lat' dir='ltr'>ferentis</span> <span class='ocrx_word' id='word_1_162' title='bbox 1290 2287 1382 2348; x_wconf 72' lang='lat' dir='ltr'>oreo</span> 
     </span>
     <span class='ocr_line' id='line_1_22' title="bbox 259 2353 1353 2439; baseline 0.003 -22"><span class='ocrx_word' id='word_1_163' title='bbox 259 2370 293 2418; x_wconf 77' lang='grc'>21</span> <span class='ocrx_word' id='word_1_164' title='bbox 314 2376 411 2437; x_wconf 93' lang='lat' dir='ltr'>quam</span> <span class='ocrx_word' id='word_1_165' title='bbox 430 2356 545 2417; x_wconf 86' lang='lat' dir='ltr'>veneni</span> <span class='ocrx_word' id='word_1_166' title='bbox 564 2353 741 2417; x_wconf 89' lang='lat' dir='ltr'>remedium</span> <span class='ocrx_word' id='word_1_167' title='bbox 761 2375 831 2417; x_wconf 88' lang='lat' dir='ltr'>esse</span> <span class='ocrx_word' id='word_1_168' title='bbox 850 2355 1077 2416; x_wconf 83' lang='lat' dir='ltr'>monstrasset:</span> <span class='ocrx_word' id='word_1_169' title='bbox 1101 2353 1253 2417; x_wconf 91' lang='lat' dir='ltr'>colorem</span> <span class='ocrx_word' id='word_1_170' title='bbox 1274 2377 1353 2439; x_wconf 82' lang='lat' dir='ltr'>qno</span> 
     </span>
     <span class='ocr_line' id='line_1_23' title="bbox 313 2441 1354 2529; baseline 0.005 -24"><span class='ocrx_word' id='word_1_171' title='bbox 313 2465 375 2526; x_wconf 91' lang='lat' dir='ltr'>qne</span> <span class='ocrx_word' id='word_1_172' title='bbox 408 2442 526 2507; x_wconf 89' lang='lat' dir='ltr'>herbae</span> <span class='ocrx_word' id='word_1_173' title='bbox 558 2443 718 2506; x_wconf 84' lang='lat' dir='ltr'>referebat</span> <span class='ocrx_word' id='word_1_174' title='bbox 746 2444 947 2528; x_wconf 80' lang='lat' dir='ltr'>agniturum,</span> <span class='ocrx_word' id='word_1_175' title='bbox 981 2443 1008 2505; x_wconf 91' lang='lat' dir='ltr'>si</span> <span class='ocrx_word' id='word_1_176' title='bbox 1040 2441 1114 2523; x_wconf 89' lang='lat' dir='ltr'>quis</span> <span class='ocrx_word' id='word_1_177' title='bbox 1135 2446 1354 2529; x_wconf 82' lang='lat' dir='ltr'>repperisset,</span> 
     </span>
     <span class='ocr_line' id='line_1_24' title="bbox 312 2530 1352 2614; baseline 0.002 -18"><span class='ocrx_word' id='word_1_178' title='bbox 312 2532 495 2596; x_wconf 89' lang='lat' dir='ltr'>adfirmans.</span> <span class='ocrx_word' id='word_1_179' title='bbox 532 2530 700 2596; x_wconf 84' lang='lat' dir='ltr'>Iuventam</span> <span class='ocrx_word' id='word_1_180' title='bbox 727 2531 840 2596; x_wconf 89' lang='lat' dir='ltr'>deinde</span> <span class='ocrx_word' id='word_1_181' title='bbox 862 2570 898 2576; x_wconf 90' lang='lat'><strong>—</strong></span> <span class='ocrx_word' id='word_1_182' title='bbox 923 2532 1043 2614; x_wconf 91' lang='lat' dir='ltr'>quippe</span> <span class='ocrx_word' id='word_1_183' title='bbox 1067 2552 1086 2592; x_wconf 94' lang='grc'>2</span> <span class='ocrx_word' id='word_1_184' title='bbox 1108 2532 1227 2595; x_wconf 89' lang='lat' dir='ltr'>multis</span> <span class='ocrx_word' id='word_1_185' title='bbox 1250 2535 1352 2598; x_wconf 90' lang='lat' dir='ltr'>simul</span> 
     </span>
     <span class='ocr_line' id='line_1_25' title="bbox 313 2618 1354 2704; baseline 0.004 -20"><span class='ocrx_word' id='word_1_186' title='bbox 313 2626 381 2685; x_wconf 89' lang='lat' dir='ltr'>erat</span> <span class='ocrx_word' id='word_1_187' title='bbox 404 2621 560 2704; x_wconf 89' lang='lat' dir='ltr'>requisita</span> <span class='ocrx_word' id='word_1_188' title='bbox 584 2658 627 2666; x_wconf 93' lang='lat'>—</span> <span class='ocrx_word' id='word_1_189' title='bbox 651 2621 777 2685; x_wconf 86' lang='lat' dir='ltr'>vulneri</span> <span class='ocrx_word' id='word_1_190' title='bbox 802 2621 962 2704; x_wconf 81' lang='lat' dir='ltr'>inposuit,</span> <span class='ocrx_word' id='word_1_191' title='bbox 991 2618 1207 2702; x_wconf 88' lang='lat' dir='ltr'>protinusque</span> <span class='ocrx_word' id='word_1_192' title='bbox 1236 2622 1354 2688; x_wconf 92' lang='lat' dir='ltr'>dolore</span> 
     </span>
     <span class='ocr_line' id='line_1_26' title="bbox 313 2707 1385 2793; baseline 0.003 -20"><span class='ocrx_word' id='word_1_193' title='bbox 313 2711 407 2774; x_wconf 90' lang='lat' dir='ltr'>finito</span> <span class='ocrx_word' id='word_1_194' title='bbox 432 2712 516 2773; x_wconf 89' lang='lat' dir='ltr'>intra</span> <span class='ocrx_word' id='word_1_195' title='bbox 539 2709 636 2773; x_wconf 84' lang='lat' dir='ltr'>breve</span> <span class='ocrx_word' id='word_1_196' title='bbox 660 2710 803 2793; x_wconf 91' lang='lat' dir='ltr'>spatium</span> <span class='ocrx_word' id='word_1_197' title='bbox 822 2710 955 2774; x_wconf 84' lang='lat' dir='ltr'>cicatrix</span> <span class='ocrx_word' id='word_1_198' title='bbox 976 2730 1104 2791; x_wconf 93' lang='lat' dir='ltr'>quoque</span> <span class='ocrx_word' id='word_1_199' title='bbox 1123 2707 1276 2776; x_wconf 89' lang='lat' dir='ltr'>obducta</span> <span class='ocrx_word' id='word_1_200' title='bbox 1295 2717 1385 2778; x_wconf 76' lang='lat' dir='ltr'>ests</span> 
     </span>
     <span class='ocr_line' id='line_1_27' title="bbox 259 2798 1354 2885; baseline 0.002 -21"><span class='ocrx_word' id='word_1_201' title='bbox 259 2815 293 2864; x_wconf 87' lang='grc'>28</span> <span class='ocrx_word' id='word_1_202' title='bbox 314 2799 474 2863; x_wconf 89' lang='lat' dir='ltr'>Barbaros</span> <span class='ocrx_word' id='word_1_203' title='bbox 498 2803 535 2863; x_wconf 90' lang='lat' dir='ltr'>ut</span> <span class='ocrx_word' id='word_1_204' title='bbox 558 2801 665 2883; x_wconf 90' lang='lat' dir='ltr'>prima</span> <span class='ocrx_word' id='word_1_205' title='bbox 688 2822 762 2883; x_wconf 94' lang='lat' dir='ltr'>spes</span> <span class='ocrx_word' id='word_1_206' title='bbox 785 2799 960 2879; x_wconf 84' lang='lat' dir='ltr'>fefellerat,</span> <span class='ocrx_word' id='word_1_207' title='bbox 993 2819 1027 2861; x_wconf 90' lang='lat' dir='ltr'>se</span> <span class='ocrx_word' id='word_1_208' title='bbox 1050 2798 1138 2880; x_wconf 89' lang='lat' dir='ltr'>ipsos</span> <span class='ocrx_word' id='word_1_209' title='bbox 1163 2798 1354 2885; x_wconf 89' lang='lat' dir='ltr'>urbemque</span> 
     </span>
    </p>
   </div>
   <div class='ocr_carea' id='block_1_3' title="bbox 313 2888 1391 3063">
    <p class='ocr_par' dir='ltr' id='par_1_3' title="bbox 313 2888 1391 3063">
     <span class='ocr_line' id='line_1_28' title="bbox 313 2888 512 2952; baseline -0.01 0"><span class='ocrx_word' id='word_1_210' title='bbox 313 2888 512 2952; x_wconf 87' lang='lat' dir='ltr'>dediderunt.</span> 
     </span>
     <span class='ocr_line' id='line_1_29' title="bbox 380 2976 1391 3063; baseline -0.003 -23"><span class='ocrx_word' id='word_1_211' title='bbox 380 2976 466 3040; x_wconf 91' lang='lat' dir='ltr'>Hinc</span> <span class='ocrx_word' id='word_1_212' title='bbox 488 2978 522 3040; x_wconf 94' lang='lat' dir='ltr'>in</span> <span class='ocrx_word' id='word_1_213' title='bbox 541 2979 723 3060; x_wconf 84' lang='lat' dir='ltr'>proximam</span> <span class='ocrx_word' id='word_1_214' title='bbox 743 2981 873 3063; x_wconf 83' lang='lat' dir='ltr'>gentem</span> <span class='ocrx_word' id='word_1_215' title='bbox 887 2976 1049 3039; x_wconf 88' lang='lat' dir='ltr'>Patalium</span> <span class='ocrx_word' id='word_1_216' title='bbox 1070 2979 1271 3058; x_wconf 87' lang='lat' dir='ltr'>perventum</span> <span class='ocrx_word' id='word_1_217' title='bbox 1293 2984 1353 3044; x_wconf 91' lang='lat' dir='ltr'>est.</span> <span class='ocrx_word' id='word_1_218' title='bbox 1366 2981 1391 3039; x_wconf 77' lang='lat' dir='ltr'>tl</span> 
     </span>
    </p>
   </div>
   <div class='ocr_carea' id='block_1_4' title="bbox 312 3151 1353 3865">
    <p class='ocr_par' dir='ltr' id='par_1_4' title="bbox 312 3151 1353 3865">
     <span class='ocr_line' id='line_1_30' title="bbox 387 3151 1352 3221; baseline 0.002 -15"><span class='ocrx_word' id='word_1_219' title='bbox 387 3160 400 3206; x_wconf 98' lang='grc'>1</span> <span class='ocrx_word' id='word_1_220' title='bbox 414 3153 468 3207; x_wconf 86' lang='lat' dir='ltr'>Sed</span> <span class='ocrx_word' id='word_1_221' title='bbox 479 3154 632 3207; x_wconf 73' lang='lat' dir='ltr'>Kanebius:</span> <span class='ocrx_word' id='word_1_222' title='bbox 644 3153 672 3205; x_wconf 85' lang='lat' dir='ltr'>et</span> <span class='ocrx_word' id='word_1_223' title='bbox 681 3158 712 3205; x_wconf 93' lang='lat' dir='ltr'>A.</span> <span class='ocrx_word' id='word_1_224' title='bbox 769 3159 784 3204; x_wconf 98' lang='grc'>2</span> <span class='ocrx_word' id='word_1_225' title='bbox 796 3151 932 3221; x_wconf 86' lang='grc'><strong>11120112]</strong></span> <span class='ocrx_word' id='word_1_226' title='bbox 943 3152 1036 3204; x_wconf 86' lang='lat' dir='ltr'>tactus</span> <span class='ocrx_word' id='word_1_227' title='bbox 1046 3155 1066 3202; x_wconf 80' lang='grc'>11</span> <span class='ocrx_word' id='word_1_228' title='bbox 1076 3168 1110 3203; x_wconf 87' lang='lat' dir='ltr'>m.</span> <span class='ocrx_word' id='word_1_229' title='bbox 1115 3167 1160 3219; x_wconf 84' lang='lat' dir='ltr'>pr.</span> <span class='ocrx_word' id='word_1_230' title='bbox 1220 3156 1237 3204; x_wconf 84' lang='lat'><strong>3</strong></span> <span class='ocrx_word' id='word_1_231' title='bbox 1250 3153 1352 3208; x_wconf 91' lang='grc' dir='ltr'><strong>Ρ1010-</strong></span> 
     </span>
     <span class='ocr_line' id='line_1_31' title="bbox 312 3222 1351 3296; baseline 0.002 -19"><span class='ocrx_word' id='word_1_232' title='bbox 312 3240 409 3277; x_wconf 87' lang='lat' dir='ltr'>maens</span> <span class='ocrx_word' id='word_1_233' title='bbox 423 3227 534 3294; x_wconf 63' lang='lat' dir='ltr'>serapii:</span> <span class='ocrx_word' id='word_1_234' title='bbox 553 3223 713 3291; x_wconf 86' lang='lat' dir='ltr'>ptolomeus</span> <span class='ocrx_word' id='word_1_235' title='bbox 728 3228 789 3288; x_wconf 78' lang='lat' dir='ltr'>BV,</span> <span class='ocrx_word' id='word_1_236' title='bbox 805 3222 984 3291; x_wconf 89' lang='lat' dir='ltr'>ptholomeus</span> <span class='ocrx_word' id='word_1_237' title='bbox 998 3227 1077 3273; x_wconf 73' lang='grc' dir='ltr'>ΗΡ.</span> <span class='ocrx_word' id='word_1_238' title='bbox 1135 3222 1267 3296; x_wconf 86' lang='lat' dir='ltr'>sancius]</span> <span class='ocrx_word' id='word_1_239' title='bbox 1283 3242 1351 3279; x_wconf 88' lang='lat' dir='ltr'>sau-</span> 
     </span>
     <span class='ocr_line' id='line_1_32' title="bbox 313 3292 1351 3368; baseline 0.002 -19"><span class='ocrx_word' id='word_1_240' title='bbox 313 3296 371 3349; x_wconf 91' lang='lat' dir='ltr'>tius</span> <span class='ocrx_word' id='word_1_241' title='bbox 380 3302 408 3349; x_wconf 83' lang='lat'>1..</span> <span class='ocrx_word' id='word_1_242' title='bbox 464 3295 583 3365; x_wconf 72' lang='lat' dir='ltr'>tregis]</span> <span class='ocrx_word' id='word_1_243' title='bbox 598 3295 658 3363; x_wconf 84' lang='lat' dir='ltr'>regi</span> <span class='ocrx_word' id='word_1_244' title='bbox 669 3300 696 3347; x_wconf 79' lang='grc' dir='ltr'>Ρ.</span> <span class='ocrx_word' id='word_1_245' title='bbox 748 3292 1163 3364; x_wconf 73' lang='lat' dir='ltr'>6Philippo]phylipporhv.</span> <span class='ocrx_word' id='word_1_246' title='bbox 1216 3297 1351 3368; x_wconf 83' lang='lat' dir='ltr'>8pacis]</span> 
     </span>
     <span class='ocr_line' id='line_1_33' title="bbox 313 3363 1351 3437; baseline 0.001 -17"><span class='ocrx_word' id='word_1_247' title='bbox 313 3367 411 3436; x_wconf 84' lang='lat' dir='ltr'>paucis</span> <span class='ocrx_word' id='word_1_248' title='bbox 426 3373 454 3420; x_wconf 81' lang='lat' dir='ltr'>P.</span> <span class='ocrx_word' id='word_1_249' title='bbox 512 3375 542 3419; x_wconf 89' lang='lat'>11</span> <span class='ocrx_word' id='word_1_250' title='bbox 564 3366 666 3437; x_wconf 84' lang='lat' dir='ltr'>carior]</span> <span class='ocrx_word' id='word_1_251' title='bbox 682 3366 784 3419; x_wconf 87' lang='lat' dir='ltr'>clarior</span> <span class='ocrx_word' id='word_1_252' title='bbox 798 3371 821 3417; x_wconf 86' lang='lat' dir='ltr'>V</span> <span class='ocrx_word' id='word_1_253' title='bbox 835 3384 868 3419; x_wconf 83' lang='lat' dir='ltr'>m.</span> <span class='ocrx_word' id='word_1_254' title='bbox 883 3383 928 3434; x_wconf 81' lang='lat' dir='ltr'>pr.</span> <span class='ocrx_word' id='word_1_255' title='bbox 987 3370 1020 3418; x_wconf 83' lang='lat'>13</span> <span class='ocrx_word' id='word_1_256' title='bbox 1035 3363 1120 3435; x_wconf 87' lang='lat' dir='ltr'>adeo]</span> <span class='ocrx_word' id='word_1_257' title='bbox 1134 3366 1199 3418; x_wconf 87' lang='lat' dir='ltr'>ateo</span> <span class='ocrx_word' id='word_1_258' title='bbox 1214 3370 1236 3417; x_wconf 75' lang='grc' dir='ltr'>Ρ</span> <span class='ocrx_word' id='word_1_259' title='bbox 1252 3384 1291 3420; x_wconf 87' lang='lat' dir='ltr'>m.</span> <span class='ocrx_word' id='word_1_260' title='bbox 1303 3386 1351 3437; x_wconf 78' lang='lat' dir='ltr'>pr.</span> 
     </span>
     <span class='ocr_line' id='line_1_34' title="bbox 315 3434 1352 3506; baseline 0.002 -14"><span class='ocrx_word' id='word_1_261' title='bbox 315 3444 348 3492; x_wconf 84' lang='lat'>15</span> <span class='ocrx_word' id='word_1_262' title='bbox 367 3437 524 3492; x_wconf 90' lang='lat' dir='ltr'>Ptolomaei</span> <span class='ocrx_word' id='word_1_263' title='bbox 538 3439 651 3506; x_wconf 70' lang='lat' dir='ltr'>scripsi:</span> <span class='ocrx_word' id='word_1_264' title='bbox 671 3436 829 3505; x_wconf 89' lang='lat' dir='ltr'>ptholomei</span> <span class='ocrx_word' id='word_1_265' title='bbox 846 3441 868 3488; x_wconf 99' lang='lat' dir='ltr'>A</span> <span class='ocrx_word' id='word_1_266' title='bbox 887 3436 1092 3506; x_wconf 69' lang='grc' dir='ltr'>[1101011217]Ι</span> <span class='ocrx_word' id='word_1_267' title='bbox 1148 3434 1210 3504; x_wconf 84' lang='lat' dir='ltr'>regi</span> <span class='ocrx_word' id='word_1_268' title='bbox 1226 3436 1352 3494; x_wconf 76' lang='lat' dir='ltr'>Freins-</span> 
     </span>
     <span class='ocr_line' id='line_1_35' title="bbox 313 3506 1353 3579; baseline 0.001 -16"><span class='ocrx_word' id='word_1_269' title='bbox 313 3511 430 3564; x_wconf 79' lang='lat' dir='ltr'>hemius:</span> <span class='ocrx_word' id='word_1_270' title='bbox 449 3510 524 3579; x_wconf 86' lang='lat' dir='ltr'>regis</span> <span class='ocrx_word' id='word_1_271' title='bbox 544 3515 574 3561; x_wconf 91' lang='lat' dir='ltr'>A.</span> <span class='ocrx_word' id='word_1_272' title='bbox 643 3514 676 3561; x_wconf 85' lang='grc'>16</span> <span class='ocrx_word' id='word_1_273' title='bbox 697 3508 860 3562; x_wconf 88' lang='lat' dir='ltr'>Ptolomaeo</span> <span class='ocrx_word' id='word_1_274' title='bbox 879 3509 991 3577; x_wconf 78' lang='lat' dir='ltr'>scripsi:</span> <span class='ocrx_word' id='word_1_275' title='bbox 1011 3506 1173 3575; x_wconf 90' lang='lat' dir='ltr'>ptholomeo</span> <span class='ocrx_word' id='word_1_276' title='bbox 1192 3511 1217 3560; x_wconf 94' lang='lat' dir='ltr'>A</span> <span class='ocrx_word' id='word_1_277' title='bbox 1236 3508 1353 3578; x_wconf 88' lang='lat' dir='ltr'>[ptolo-</span> 
     </span>
     <span class='ocr_line' id='line_1_36' title="bbox 314 3578 1351 3650; baseline 0.002 -17"><span class='ocrx_word' id='word_1_278' title='bbox 314 3598 377 3635; x_wconf 90' lang='lat' dir='ltr'>meo</span> <span class='ocrx_word' id='word_1_279' title='bbox 396 3587 439 3633; x_wconf 84' lang='lat' dir='ltr'>v.</span> <span class='ocrx_word' id='word_1_280' title='bbox 524 3586 556 3633; x_wconf 87' lang='grc'>18</span> <span class='ocrx_word' id='word_1_281' title='bbox 576 3579 695 3650; x_wconf 87' lang='lat' dir='ltr'>recepit]</span> <span class='ocrx_word' id='word_1_282' title='bbox 715 3580 817 3648; x_wconf 89' lang='lat' dir='ltr'>recipit</span> <span class='ocrx_word' id='word_1_283' title='bbox 836 3585 862 3633; x_wconf 80' lang='grc' dir='ltr'>Ρ.</span> <span class='ocrx_word' id='word_1_284' title='bbox 951 3578 1108 3648; x_wconf 89' lang='lat' dir='ltr'>insecutus]</span> <span class='ocrx_word' id='word_1_285' title='bbox 1126 3578 1302 3645; x_wconf 89' lang='lat' dir='ltr'>insequutus</span> <span class='ocrx_word' id='word_1_286' title='bbox 1322 3587 1351 3635; x_wconf 78' lang='lat'>1³.</span> 
     </span>
     <span class='ocr_line' id='line_1_37' title="bbox 316 3650 1352 3722; baseline 0.001 -17"><span class='ocrx_word' id='word_1_287' title='bbox 316 3658 348 3705; x_wconf 84' lang='lat'>19</span> <span class='ocrx_word' id='word_1_288' title='bbox 367 3669 418 3721; x_wconf 90' lang='lat' dir='ltr'>per</span> <span class='ocrx_word' id='word_1_289' title='bbox 444 3671 467 3722; x_wconf 78' lang='lat' dir='ltr'>p</span> <span class='ocrx_word' id='word_1_290' title='bbox 482 3658 509 3705; x_wconf 85' lang='lat' dir='ltr'>P.</span> <span class='ocrx_word' id='word_1_291' title='bbox 572 3658 606 3704; x_wconf 78' lang='grc'>24</span> <span class='ocrx_word' id='word_1_292' title='bbox 625 3651 736 3704; x_wconf 91' lang='lat' dir='ltr'>vulneri</span> <span class='ocrx_word' id='word_1_293' title='bbox 749 3650 888 3721; x_wconf 86' lang='lat' dir='ltr'>inposuit]</span> <span class='ocrx_word' id='word_1_294' title='bbox 903 3652 968 3704; x_wconf 84' lang='lat' dir='ltr'>baec</span> <span class='ocrx_word' id='word_1_295' title='bbox 981 3651 1063 3704; x_wconf 85' lang='lat' dir='ltr'>cerba</span> <span class='ocrx_word' id='word_1_296' title='bbox 1082 3651 1113 3701; x_wconf 81' lang='lat' dir='ltr'>iu</span> <span class='ocrx_word' id='word_1_297' title='bbox 1127 3654 1146 3699; x_wconf 83' lang='lat' dir='ltr'>P</span> <span class='ocrx_word' id='word_1_298' title='bbox 1166 3656 1231 3703; x_wconf 79' lang='lat' dir='ltr'>ante</span> <span class='ocrx_word' id='word_1_299' title='bbox 1245 3650 1352 3706; x_wconf 84' lang='lat' dir='ltr'>Inven-</span> 
     </span>
     <span class='ocr_line' id='line_1_38' title="bbox 314 3720 1352 3792; baseline 0.003 -17"><span class='ocrx_word' id='word_1_300' title='bbox 314 3724 695 3792; x_wconf 74' lang='grc'><strong>1211(02.23)00110002102.</strong></span> <span class='ocrx_word' id='word_1_301' title='bbox 769 3720 1179 3791; x_wconf 71' lang='grc' dir='ltr'><strong>2520211111]2ρ20111111’ν.</strong></span> <span class='ocrx_word' id='word_1_302' title='bbox 1251 3728 1289 3775; x_wconf 90' lang='grc'>26</span> <span class='ocrx_word' id='word_1_303' title='bbox 1309 3724 1352 3778; x_wconf 91' lang='lat' dir='ltr'>fe-</span> 
     </span>
     <span class='ocr_line' id='line_1_39' title="bbox 314 3790 1350 3865; baseline 0.004 -19"><span class='ocrx_word' id='word_1_304' title='bbox 314 3794 438 3865; x_wconf 83' lang='lat' dir='ltr'>fellerat]</span> <span class='ocrx_word' id='word_1_305' title='bbox 459 3793 598 3848; x_wconf 90' lang='lat' dir='ltr'>fefelleret</span> <span class='ocrx_word' id='word_1_306' title='bbox 612 3799 632 3844; x_wconf 80' lang='lat' dir='ltr'>L</span> <span class='ocrx_word' id='word_1_307' title='bbox 646 3812 680 3847; x_wconf 85' lang='lat' dir='ltr'>m.</span> <span class='ocrx_word' id='word_1_308' title='bbox 691 3812 736 3863; x_wconf 84' lang='lat' dir='ltr'>pr.</span> <span class='ocrx_word' id='word_1_309' title='bbox 808 3799 841 3846; x_wconf 85' lang='grc'>28</span> <span class='ocrx_word' id='word_1_310' title='bbox 857 3792 1000 3845; x_wconf 86' lang='lat' dir='ltr'>Patalium</span> <span class='ocrx_word' id='word_1_311' title='bbox 1019 3793 1130 3860; x_wconf 75' lang='lat' dir='ltr'>sampsi:</span> <span class='ocrx_word' id='word_1_312' title='bbox 1150 3790 1299 3848; x_wconf 87' lang='lat' dir='ltr'>Pataliam</span> <span class='ocrx_word' id='word_1_313' title='bbox 1318 3801 1350 3850; x_wconf 94' lang='lat' dir='ltr'>A.</span> 
     </span>
    </p>
   </div>
   <div class='ocr_carea' id='block_1_5' title="bbox 0 0 1591 4459">
    <p class='ocr_par' dir='ltr' id='par_1_5' title="bbox 0 0 1591 4459">
     <span class='ocr_line' id='line_1_40' title="bbox 0 0 1591 4459; baseline 0 0"><span class='ocrx_word' id='word_1_314' title='bbox 0 0 1591 4459; x_wconf 95' lang='lat' dir='ltr'> </span> 
     </span>
    </p>
   </div>
  </div>
 </body>
</html>
