3150 4459
417 444 667 499 HISTORIARUM
688 445 966 510 Arandunum,
986 450 1126 499 9.10.11.
1239 445 1281 507 27

247 610 385 675 dirutae
400 609 523 693 species
541 609 842 694 repraesentabatur
861 608 986 673 animis.
1023 607 1092 673 lam
1110 609 1282 674 Granicum

248 723 400 783 amnem,
429 698 494 763 iam
522 702 573 763 tot
601 699 697 763 urbes
728 703 784 763 aut
813 702 1012 783 expugnatas
1042 702 1099 762 aut
1127 698 1162 763 in
1185 698 1281 763 fidem

249 792 405 874 acceptas
429 789 615 872 omniaque,
639 810 722 872 quae
745 792 821 872 post
844 792 972 874 tergum
997 790 1101 870 erant,
1126 790 1227 852 strata
1250 792 1282 853 et

249 878 393 964 pedibus
426 878 571 962 ipsorum
605 878 749 942 subiecta
781 876 989 942 memorabat.
1046 876 1127 942 Cum
1160 876 1317 944 adierats

251 968 409 1050 Graecos,
439 966 632 1033 admonebat
662 968 702 1031 ab
732 966 784 1031 his
815 966 966 1052 gentibus
997 966 1098 1031 inlata
1129 965 1282 1031 Graeciae

251 1058 343 1123 bella
356 1057 455 1121 Darei
475 1057 575 1140 prius,
594 1056 708 1121 deinde
722 1056 838 1121 Xerxis
857 1056 1040 1139 insolentia,
1059 1078 1178 1139 aquam
1193 1057 1282 1140 ipsos

251 1152 441 1230 terramque
459 1147 670 1229 poscentium,
694 1151 731 1210 ut
754 1168 860 1230 neque
879 1146 1021 1211 fontium
1045 1145 1198 1210 haustum
1221 1168 1282 1211 nce

252 1236 372 1301 solitos
387 1236 478 1300 cibos
492 1234 713 1320 relinquerent
732 1235 857 1301 deditis.
895 1235 946 1299 Ab
966 1236 1018 1299 his
1039 1235 1162 1320 templa
1178 1236 1281 1300 ruinis
1302 1258 1317 1304 9

252 1330 287 1391 et
301 1326 436 1411 ignibus
456 1347 525 1389 esse
545 1324 658 1406 deleta,
677 1324 774 1389 urbes
788 1346 899 1389 eorum
923 1328 1133 1409 expugnatas,
1152 1325 1281 1390 foedera

234 1415 359 1480 ‚divini
378 1415 576 1498 humanique
594 1415 675 1478 iuris
699 1415 821 1478 violata
838 1414 1007 1479 referebat.
1049 1412 1181 1498 Illyrios
1205 1436 1281 1479 vero

253 1509 289 1568 et
311 1504 453 1568 Thracas
476 1509 569 1587 rapto
593 1504 700 1569 vivere
729 1503 880 1568 adsuetos
907 1504 1007 1568 aciem
1035 1504 1178 1568 hostium
1203 1526 1280 1568 auro

252 1615 464 1677 purpuraque
491 1594 670 1679 fulgentem
700 1593 820 1657 intueri
848 1593 994 1676 iubebat,
1021 1593 1187 1677 praedam,
1215 1614 1280 1657 non

254 1705 346 1748 arma
364 1686 558 1768 gestantem:
583 1682 668 1748 irent
686 1686 719 1746 et
738 1682 912 1748 inbellibus
934 1683 1065 1747 feminis
1085 1705 1197 1746 aurum
1218 1682 1281 1746 viri
1302 1704 1335 1752 10

253 1773 426 1855 eriperent,
444 1794 557 1856 aspera
575 1772 736 1838 montium
752 1794 883 1837 suorum
903 1772 979 1858 iuga
997 1772 1164 1856 nudasque
1183 1772 1280 1837 calles

234 1866 286 1925 set
314 1866 474 1945 perpetuo
505 1861 647 1947 rigentes
675 1862 751 1947 gelu
776 1861 931 1926 divitibus
961 1860 1133 1926 Persarum
1158 1861 1280 1946 campis

252 1952 406 2037 agrisque
429 1954 601 2015 mutarent.

234 2050 239 2098 1
321 2039 391 2105 Iam
423 2040 464 2103 ad
495 2040 553 2105 teli
585 2041 705 2104 iactum
739 2044 964 2124 pervenerant,
1002 2062 1074 2105 curn
1108 2040 1279 2105 Persarum
1297 2050 1335 2104 XI

253 2129 381 2214 equites
399 2129 550 2194 ferociter
569 2130 603 2193 in
621 2130 749 2194 laevum
769 2152 869 2196 cornu
889 2130 1034 2195 hostiurn
1053 2130 1173 2195 invecti
1192 2134 1280 2195 sunt:

254 2220 377 2303 quippe
396 2219 521 2284 Dareus
545 2219 687 2304 equestri
710 2219 835 2303 proelio
860 2220 1027 2285 decernere
1047 2219 1181 2303 optabat
1203 2220 1281 2304 pha-

234 2309 385 2394 ›langem
417 2308 616 2374 Macedonici
655 2309 814 2374 exercitus
848 2310 948 2374 robur
984 2332 1054 2374 esse
1087 2304 1304 2373 coniectans.⁴

253 2396 389 2481 Iamque
412 2398 510 2461 etiam
539 2397 687 2463 dextrum
711 2397 890 2463 Alexandri
918 2420 1018 2462 cornu
1042 2398 1279 2463 circumibatur.

255 2486 350 2563 Quod
373 2486 430 2551 ubi
453 2486 586 2552 Macedo
616 2489 799 2572 conspexit,
828 2489 951 2552 duabus
980 2487 1040 2551 alis
1069 2488 1214 2571 equitum
1240 2488 1315 2554 ada

253 2576 369 2662 iugum
388 2577 509 2641 montis
528 2577 624 2642 iussis
644 2576 819 2641 subsistere
839 2581 963 2642 ceteros
982 2579 1016 2641 in
1038 2578 1179 2642 medium
1202 2576 1278 2641 belli

254 2666 429 2731 discrimen
452 2670 581 2730 strenue
605 2667 768 2730 transfert.
817 2666 990 2732 Subductis
1013 2666 1126 2731 deinde
1151 2688 1189 2729 ex
1213 2668 1280 2732 acie
1301 2686 1317 2733 3

234 2754 419 2819 sThessalis
440 2756 603 2839 equitibus
623 2756 821 2839 praefectum
836 2778 946 2820 eorum
967 2755 1091 2821 occulte
1112 2755 1280 2821 circumire

253 2848 384 2930 tergum
404 2866 535 2909 suorum
554 2846 645 2910 iubet
663 2844 935 2930 Parmenionique
956 2844 1109 2931 coniungi
1130 2850 1170 2927 et,
1194 2846 1280 2929 quod

253 2934 282 2998 is
306 2935 507 3017 imperasset,
531 2934 657 3021 inpigre
676 2934 800 3018 exequi.
847 2933 981 3020 lamque
1000 2935 1136 2998 immissi
1159 2934 1193 2997 in
1217 2954 1315 3001 mes

253 3023 344 3086 dium
370 3022 542 3088 Persarum
564 3024 707 3108 undique
734 3024 920 3088 circumfusi
948 3024 1077 3109 egregie
1105 3024 1280 3088 tuebantur

251 3134 298 3197 se,
328 3113 384 3176 sed
408 3114 545 3177 conferti
569 3118 601 3178 et
625 3115 715 3197 quasi
741 3113 948 3178 cohaerentes
976 3113 1042 3177 tela
1064 3113 1191 3177 vibrare
1214 3135 1281 3177 non

327 3275 343 3322 2
359 3286 471 3323 amnem
480 3272 588 3325 Laeter:
600 3287 702 3339 agmen
712 3278 738 3337 0,
749 3288 852 3340 agnem
862 3278 881 3322 1³
891 3290 925 3326 m.
932 3290 978 3341 pr.
1034 3272 1091 3325 iam
1101 3272 1145 3324 tot
1155 3278 1184 3323 0:
1200 3272 1279 3325 tctl’.

253 3349 270 3395 3
285 3341 446 3409 omniaque,
461 3358 534 3410 quae
549 3343 727 3397 Vindelicus:
743 3342 839 3397 omnia
853 3360 981 3412 quaeque
991 3347 1021 3394 Δ.
1077 3345 1143 3410 post
1156 3344 1279 3416 tergum]

251 3414 420 3483 postergum
439 3420 463 3468 (2.
520 3420 535 3467 5
556 3414 604 3485 ab]
625 3414 661 3467 ad
680 3420 711 3466 V.
767 3419 782 3466 6
802 3414 954 3469 insolentia
969 3414 1137 3469 Frobeaics:
1158 3414 1281 3467 insolen-

251 3485 312 3539 tiae
332 3489 363 3537 Δ.
436 3485 664 3553 8rclinquerent
681 3492 707 3539 1:
726 3485 901 3553 relinqueret
919 3490 949 3539 A.
1023 3485 1135 3538 deditis.
1173 3485 1216 3538 Ab
1236 3486 1280 3540 his

252 3557 416 3625 Zarnipta'as:
436 3556 533 3610 dedita
549 3556 589 3610 eis
603 3561 633 3609 Δ.
701 3564 733 3611 10
747 3557 871 3628 Illyrios]
888 3557 988 3611 illirios
1004 3565 1029 3611 c.
1096 3564 1127 3610 15
1144 3556 1280 3611 divitibus

251 3634 323 3683 rm.
334 3645 394 3696 pt:
415 3627 522 3682 ditibus
538 3634 563 3681 (2.
638 3634 670 3680 17
691 3629 727 3683 ad
742 3629 807 3699 teli]
821 3628 873 3682 teli
889 3629 925 3682 ad
939 3635 970 3682 V.
1034 3633 1067 3681 22
1083 3628 1148 3699 alis]
1163 3628 1236 3682 halis
1251 3636 1280 3682 P.

252 3706 287 3755 25
313 3697 456 3752 Thessalis
475 3705 501 3753 1:
526 3699 638 3753 tesselis
657 3704 687 3752 Δ.
780 3706 814 3754 26
843 3700 988 3772 coniungi]
1014 3699 1164 3770 coniugiB
1187 3719 1222 3754 m.
1234 3718 1279 3769 pr.

253 3776 288 3824 27
312 3770 480 3839 imperasset
497 3778 524 3825 1:
552 3771 732 3840 impetrasset
755 3776 785 3825 Δ.
883 3771 1003 3825 immissi
1021 3773 1151 3827 Fascius:
1178 3771 1234 3840 ipsi
1254 3778 1279 3834 0,

252 3842 318 3913 ipse
336 3847 357 3893 P
375 3860 411 3896 m.
419 3859 465 3912 pr.
540 3848 574 3896 28
592 3843 747 3897 tuebantur
764 3860 797 3899 se
815 3844 926 3912 scripsi:
946 3842 1100 3897 tuebantur
1118 3847 1149 3896 Δ,
