3150 4459
276 429 341 493 312
656 429 686 494 Q.
707 430 818 485 CURTI
836 430 923 483 RUFI

273 592 348 657 filiis
380 593 520 658 occurrit
552 594 692 657 multum
725 594 809 658 inter
840 615 951 657 omnes
974 593 1134 659 barbaros
1160 596 1312 660 eminens

218 698 252 746 19
273 682 417 766 corporis
441 683 555 766 specie.
593 682 703 747 Vestis
725 686 795 746 erat
813 705 891 747 auro
911 706 1121 767 purpuraque
1140 684 1311 769 distincta

273 792 355 854 quae
374 772 471 835 etiam
491 793 585 835 crura
604 772 742 856 velabat,
766 774 872 837 aureis
892 771 989 836 soleis
1008 773 1199 838 inseruerat
1223 796 1310 861 gem·

272 883 350 943 mas,
373 860 485 924 lacerti
510 882 639 945 quoque
659 866 691 925 et
708 862 841 925 brachia
860 862 1045 947 margaritis
1065 866 1187 926 ornata
1208 868 1311 948 erant,

218 949 456 1033 rependebant
478 973 518 1015 ex
541 951 672 1015 auribus
697 952 841 1036 insignes
863 951 1001 1015 candore
1019 973 1056 1015 ac
1075 952 1311 1035 magnitudine
1334 979 1344 1020 1

271 1037 389 1123 lapilli,
419 1039 571 1103 baculum
603 1063 737 1104 aureum
770 1040 887 1123 berylli
920 1039 1177 1125 distinguebant.
1237 1041 1310 1119 Quo

271 1128 391 1192 tradito
415 1133 577 1212 precatus,
610 1133 648 1193 ut
672 1151 782 1212 sospes
806 1130 979 1213 acciperet,
1002 1151 1035 1194 se
1057 1129 1253 1215 liberosque
1279 1135 1311 1195 et

218 1234 250 1282 31
271 1221 400 1301 gentem
425 1241 516 1282 suam
541 1216 670 1283 dedidit.
715 1218 851 1284 Nobiles
875 1218 916 1282 ad
939 1219 1121 1283 venandum
1146 1239 1251 1284 canes
1276 1222 1340 1284 int
1390 1253 1393 1260 ·

271 1328 308 1369 ea
330 1306 463 1392 regione
486 1311 574 1372 sunt:
598 1307 719 1372 latratu
742 1307 903 1372 abstinere
927 1308 1085 1389 dicuntur,
1113 1329 1193 1373 cum
1220 1311 1311 1375 vide-

217 1412 251 1460 11
271 1400 348 1459 runt
370 1395 486 1478 feram,
514 1395 663 1460 leonibus
691 1398 830 1461 maxime
854 1397 973 1462 infesti.
1020 1396 1148 1461 Horum
1173 1399 1247 1463 vim
1272 1402 1347 1468 1111

271 1485 454 1549 ostenderet
477 1484 678 1568 Menandre,
706 1487 741 1551 in
771 1491 982 1569 consaeptum
1010 1486 1138 1550 leonem
1162 1488 1310 1554 eximiae

270 1574 505 1659 magnitudinis
523 1574 619 1638 iussit
637 1576 743 1640 emitti
760 1580 792 1639 et
811 1579 965 1659 quattuor
984 1576 1116 1640 omnino
1132 1576 1311 1643 admoveri

271 1684 374 1727 canes.
403 1661 466 1738 Qui
486 1664 633 1729 celeriter
647 1665 749 1728 feram
764 1668 1017 1748 occupaverunt:
1031 1669 1101 1729 tum
1117 1686 1156 1729 ex
1177 1666 1234 1751 iis,
1250 1668 1310 1750 qni

271 1751 482 1816 adsueverant
496 1753 830 1836 talibusministeriis,
843 1776 927 1817 unus
943 1755 1031 1820 canis
1041 1754 1129 1819 leoni
1139 1774 1220 1819 curn
1231 1756 1310 1822 aliis

270 1841 467 1906 inhaerentis
490 1863 563 1907 crus
582 1845 719 1908 avellere
738 1848 780 1927 et,
805 1844 965 1927 quianon
984 1842 1191 1928 sequebatur,
1217 1846 1310 1910 ferro
1324 1873 1346 1915 a

217 1946 251 1995 33
271 1936 438 2013 amputare
456 1932 570 2014 coepit.
600 1931 651 1995 Ne
667 1932 713 1996 sic
732 1932 863 2016 quidem
882 1934 1061 2015 pertinacia
1079 1932 1167 1997 victa
1187 1955 1309 2000 rursus

270 2020 367 2083 aliam
399 2025 524 2104 partem
558 2043 665 2085 secare
692 2022 814 2086 institit
841 2024 874 2084 et
901 2022 975 2086 inde
1004 2044 1071 2085 non
1094 2022 1233 2107 segnius
1257 2024 1309 2087 in·

269 2108 456 2173 haerentem
490 2109 574 2174 ferro
608 2110 744 2175 subinde
777 2110 923 2175 caedere:
951 2115 984 2175 at
1013 2112 1067 2175 1111
1095 2110 1130 2173 in
1162 2111 1308 2179 vulnere

268 2197 354 2262 ferae
383 2198 494 2262 dentes
517 2200 729 2264 moribundus
755 2221 884 2283 quoque
907 2202 1065 2264 infixerat.
1099 2198 1245 2265 Tantam
1270 2202 1308 2267 in

270 2286 335 2353 illis
363 2287 557 2351 animalibus
585 2288 626 2351 ad
649 2289 831 2352 venandum
856 2289 1068 2371 cupiditatem
1091 2289 1308 2372 ingenerasse
1322 2320 1346 2359 11

216 2392 251 2439 34
269 2380 418 2439 naturam
443 2376 615 2441 memoriae
638 2378 803 2459 proditum
823 2382 880 2442 111.
917 2377 1078 2461 Equidem
1097 2377 1195 2461 plura
1215 2383 1308 2444 tran·

270 2464 375 2528 scribo
414 2487 509 2547 quarn
543 2466 647 2530 credo:
679 2489 754 2531 nam
788 2489 848 2530 nec
872 2467 1041 2531 adfirmare
1065 2467 1229 2551 sustineo,
1264 2470 1307 2535 de

216 2553 387 2637 atquibus
421 2554 549 2637 dubit0,
579 2577 640 2621 nec
670 2555 863 2634 subducere,
893 2579 975 2640 quae
1003 2557 1120 2639 accepi.
1167 2554 1306 2624 Relicto

268 2643 370 2727 igitur
394 2641 529 2726 Sopithe
558 2644 592 2707 in
620 2667 678 2708 suo
701 2666 802 2730 regno
827 2645 868 2708 ad
891 2646 1025 2709 fluvium
1050 2644 1203 2727 Hypasin
1227 2669 1307 2731 pro-

269 2731 366 2796 cessit
386 2731 638 2817 Hephaestione,
662 2735 718 2817 qui
742 2734 902 2798 diversam
925 2736 1092 2819 regionem
1116 2734 1306 2820 subegerat,
1321 2763 1344 2804 a

268 2822 451 2886 coniuncto.

190 2991 192 2995 ,
215 2926 249 2974 31
337 2910 486 2996 Phegeus
510 2916 578 2975 erat
602 2913 708 2996 gentis
727 2913 895 2995 proximae
913 2934 982 2977 rex:
1008 2913 1063 2995 qui
1082 2911 1304 2995 popularibus

269 3001 336 3064 suis
355 3002 459 3063 colere
478 3022 583 3085 agros,
606 3005 645 3064 ut
662 3001 884 3083 adsueverant,
905 3002 1001 3066 iussis
1016 3000 1203 3065 Alexandro
1225 3024 1304 3067 cum

227 3093 253 3147 Π
269 3088 361 3154 donis
386 3090 526 3153 occurrit
548 3089 645 3172 nihil,
678 3091 764 3174 quod
789 3092 976 3174 imperaret,
1007 3090 1195 3155 detrectans.
1246 3091 1335 3157 Bar

270 3178 369 3242 duum
389 3179 475 3261 apud
494 3202 567 3243 eum
587 3179 735 3243 substitit
754 3202 820 3244 rex.
854 3180 963 3244 Tertio
984 3180 1036 3243 die
1055 3199 1184 3243 amnem
1204 3202 1303 3265 supe
1317 3208 1345 3249 11

341 3323 356 3369 5
376 3318 501 3388 insignes
520 3324 546 3370 1:
565 3317 687 3388 insignis
706 3324 736 3373 Δ.
825 3320 870 3391 11]
890 3337 941 3375 om.
958 3326 984 3373 c.
1077 3325 1092 3372 6
1111 3318 1231 3391 berylli]
1250 3320 1302 3376 be·

268 3388 326 3441 rilli
345 3396 370 3441 1.
481 3395 497 3443 8
517 3388 629 3443 dedidit
648 3396 678 3443 t:
699 3390 780 3444 dedit
798 3397 826 3445 Ρ.
937 3396 969 3444 11
990 3390 1163 3461 ostenderet]
1182 3391 1302 3447 hosten-

268 3461 348 3513 deret
366 3466 393 3514 1².
469 3463 653 3528 consaeptum
668 3462 857 3517 Mactaella‘as:
878 3465 1015 3531 conseptu
1029 3468 1053 3515 Δ
1071 3462 1153 3534 [Bm.
1164 3478 1211 3531 pr.
1233 3480 1302 3518 con·

269 3532 388 3602 spectu]⁸
500 3538 533 3585 13
553 3531 588 3586 iis
607 3539 633 3585 1:
657 3533 703 3586 his
721 3538 752 3588 Δ.
865 3540 897 3587 14
916 3551 989 3587 nnus
1011 3534 1133 3589 Giaato:
1159 3532 1247 3587 unius
1266 3540 1300 3590 Δ.

269 3603 374 3673 16111]
395 3604 467 3656 siv.
559 3604 731 3676 pertinacia]
753 3604 909 3674 pertinatia
931 3611 962 3658 v.
1056 3610 1090 3659 18
1109 3604 1242 3661 caedere:
1268 3611 1302 3663 at

266 3676 377 3743 scripsi:
398 3675 537 3729 caedebat
555 3681 586 3729 Δ.
675 3682 709 3729 24
729 3676 846 3746 Sopithe
868 3678 1057 3732 Maetrellias:
1078 3675 1191 3743 sophite
1209 3681 1242 3732 Δ.

267 3745 396 3814 Hypasin
410 3753 435 3799 1:
451 3746 552 3815 ypasin
568 3752 598 3801 Δ.
660 3753 693 3800 26
708 3747 921 3817 Hephaestione
945 3749 1061 3816 Ooapus:
1084 3747 1253 3817 ephestione
1267 3755 1299 3803 Δ.

268 3823 301 3869 27
322 3816 450 3886 Phegeus
469 3824 495 3871 1:
515 3817 644 3887 phegelis
663 3823 693 3871 A.
751 3825 783 3872 29
805 3819 939 3890 occurrit]
958 3818 1067 3874 occurit
1085 3825 1114 3872 Ρ.
