3150 4459
309 435 372 499 128
688 433 719 499 Q.
739 433 850 488 CURTI
867 434 955 488 Ruri

306 601 437 685 linguae
461 599 689 663 commercium
713 599 811 662 etiam
831 621 850 661 a
868 597 1013 662 barbaris
1037 599 1155 681 expeti,
1179 619 1259 681 quae
1283 597 1331 660 in-

308 689 418 773 genita
441 689 504 774 ipsi
528 688 679 753 omissuri
703 690 769 751 sint
793 709 851 751 sua
875 691 999 772 sponte,
1021 710 1087 751 non
1103 687 1145 751 ob
1160 687 1248 751 aliud
1262 691 1330 749 tam

242 794 290 843 -ao
311 777 504 861 calamitosi,
534 798 632 860 quam
660 778 748 860 quod
775 776 840 841 illis
865 799 971 841 carere
1000 777 1103 841 coacti
1128 780 1241 841 essent.
1290 773 1330 839 Se

298 870 394 931 certe
421 867 600 931 rediturum
630 866 670 929 ad
702 871 834 951 penates
871 869 902 929 et
939 866 973 929 in
1005 866 1146 950 patriam
1173 869 1331 947 tantoque

306 956 463 1021 beneficio
486 957 572 1042 regis
586 978 736 1021 usurum:
761 957 788 1019 si
813 976 893 1038 quos
914 955 1119 1019 contubernii
1140 955 1331 1019 liberorum·
1360 978 1371 1017 5

307 1067 378 1129 que,
402 1067 484 1129 quos
508 1046 647 1109 servitus
671 1045 831 1131 co‘e‘gisset
850 1066 1031 1130 agnoscere,
1055 1066 1146 1108 amor
1164 1044 1331 1123 detineret,

253 1152 287 1201 21
302 1135 540 1218 relinquerent,
568 1135 686 1218 quibus
717 1134 800 1198 nihil
829 1135 935 1219 patria
966 1133 1070 1198 carius
1093 1137 1185 1197 esset.
1231 1133 1331 1196 Pauci

307 1223 404 1288 huius
428 1226 606 1288 sententiae
621 1223 720 1307 fuere,
735 1227 860 1287 ceteros
879 1223 1077 1287 consuetudo
1092 1226 1207 1286 natura
1221 1222 1332 1306 potior

306 1313 393 1376 vicit.
441 1312 681 1378 Consenserunt
703 1313 877 1397 petendum
896 1333 964 1376 esse
984 1334 1103 1397 aroge,
1126 1315 1164 1374 ut
1186 1312 1332 1393 aliquam

255 1420 289 1469 22
309 1403 388 1486 ipsis
417 1403 609 1467 attribueret
633 1402 749 1465 sedem.
798 1419 817 1464 c
840 1401 882 1464 ad
908 1401 971 1464 hoc
994 1401 1087 1467 electi
1111 1404 1194 1464 sunt.
1242 1398 1331 1475 Quos
1349 1425 1374 1462 ιο

307 1489 490 1557 Alexander
512 1496 615 1572 ratus,
650 1490 736 1574 quod
764 1491 833 1574 ipse
862 1493 1024 1574 praestare
1048 1489 1221 1573 cogitabat,
1252 1489 1332 1572 peti·

308 1584 410 1645 turos:
435 1580 617 1664 ‘Iumenta',
639 1580 754 1663 inquit,
775 1580 959 1666 ‘adsignari
983 1601 1064 1663 quae
1088 1600 1146 1643 vos
1169 1579 1333 1655 veherent,

308 1675 340 1733 et
371 1669 509 1755 singulis
536 1675 679 1735 restrum
707 1670 798 1733 milia
825 1669 991 1734 denarium
1016 1669 1086 1731 dari
1114 1668 1203 1732 iussi.
1251 1666 1332 1730 Cum

308 1759 467 1824 redieritis
492 1760 525 1823 in
551 1758 726 1838 Graeciam,
749 1758 930 1841 praestabo,
949 1780 989 1822 ne
1014 1758 1069 1841 qui
1093 1761 1213 1821 statum
1229 1779 1333 1836 suum,

308 1848 337 1913 si
359 1849 439 1914 haec
463 1847 629 1913 calamitas
653 1847 751 1929 absit,
779 1851 887 1912 vestro
917 1847 1027 1913 credat
1050 1868 1118 1911 esse
1141 1846 1331 1910 meliorem'
1349 1872 1373 1909 15

254 1954 290 2003 20
308 1936 361 2002 Illi
385 1939 509 2002 obortis
528 1937 670 2002 lacrimis
689 1941 808 1999 terram
828 1937 1038 2001 intuebantur
1056 1957 1115 2000 nec
1134 1940 1190 1998 aut
1209 1936 1333 2020 erigere

307 2028 417 2091 vultus
440 2031 497 2090 aut
519 2028 611 2110 loqui
634 2026 809 2089 audebant:
832 2027 961 2091 tandem
984 2047 1060 2111 rege
1083 2024 1236 2088 tristitiae
1260 2045 1334 2087 cau-

308 2138 377 2179 sam
405 2116 554 2202 exigente
581 2115 762 2179 Euctemon
791 2115 909 2180 similia
925 2116 991 2196 jis,
1020 2136 1101 2198 quae
1130 2115 1164 2178 in
1196 2114 1332 2177 consilio

255 2223 290 2272 24
309 2205 448 2290 dixerat,
480 2204 656 2289 respondit.
711 2203 822 2287 Atque
858 2204 913 2268 ille
942 2226 1010 2269 non
1040 2205 1190 2268 fortunae
1228 2204 1333 2266 solum

309 2316 430 2376 eorum,
453 2293 508 2357 sed
527 2294 625 2358 etiam
639 2294 856 2379 paenitentiae
879 2294 1042 2357 miseritus
1056 2298 1149 2356 terna
1167 2292 1258 2356 milia
1282 2292 1333 2355 de·
1349 2317 1374 2354 ao

309 2384 474 2448 uariorum
490 2382 628 2467 singulis
652 2384 720 2447 dari
734 2382 842 2447 iussit:
867 2383 966 2447 denae
980 2387 1085 2447 restes
1100 2382 1243 2446 adiectae
1257 2386 1333 2445 sunt

308 2478 341 2537 et
364 2476 509 2536 armenta
533 2493 605 2536 cum
630 2470 803 2556 pecoribus
835 2494 871 2535 ac
899 2472 1061 2535 frumento
1090 2471 1178 2555 data,
1208 2474 1246 2533 ut
1270 2472 1334 2535 coli

308 2562 437 2644 serique
459 2561 635 2626 attributus
658 2562 698 2625 iis
722 2582 800 2647 ager
816 2566 934 2644 posset.

257 2666 294 2722 vl
376 2649 510 2714 Postero
526 2650 576 2714 die
592 2653 785 2715 convocatos
800 2650 896 2715 ducas
912 2651 1077 2734 copiarum
1093 2649 1186 2713 docet
1209 2651 1332 2712 nullam
1349 2653 1388 2705 20

309 2740 508 2805 infestiorem
531 2739 644 2803 urbem
669 2738 798 2803 Graecis
827 2761 895 2803 esse
919 2761 1015 2822 quam
1038 2738 1160 2825 regiam
1182 2742 1329 2802 veterum
1350 2762 1374 2800 as

382 2976 396 3022 1
413 2969 622 3041 commercium]
642 2968 836 3023 commertium
850 2974 903 3021 PL.
964 2967 1092 3037 ingenita
1111 2968 1332 3022 Freinshemius:

308 3040 438 3110 ingentia
460 3045 491 3094 Δ.
583 3046 599 3093 2
624 3040 765 3111 omissuri]
791 3038 941 3093 obmissuri
965 3046 989 3092 c.
1082 3038 1139 3091 sint
1162 3038 1332 3092 Frobcaias:

310 3114 376 3165 sunt
395 3116 426 3165 Δ.
504 3119 540 3166 -3
567 3112 670 3182 coacti]
697 3111 812 3179 quoacti
831 3116 858 3165 L.
955 3117 972 3163 4
995 3110 1124 3180 penates]
1148 3112 1284 3177 poenates
1304 3115 1332 3163 P.

300 3189 326 3236 -7
350 3182 542 3252 relinquerent
567 3189 592 3236 1:
618 3182 791 3250 relinqueret
809 3186 839 3235 Δ.
949 3184 1023 3235 esset
1048 3183 1207 3249 Zaoqrtias:
1234 3184 1278 3233 est
1301 3187 1332 3234 A.

311 3258 327 3306 8
351 3254 458 3325 potior]
481 3256 578 3323 pocior
596 3260 629 3321 P,
652 3254 749 3323 pacior
767 3259 798 3307 V.
909 3257 942 3306 10
966 3252 1145 3322 attribueret]
1174 3251 1334 3306 adtriburet

310 3330 379 3380 Pm.
390 3344 435 3394 pr.
510 3326 536 3397 c]
556 3332 575 3379 E
592 3332 638 3378 PL
657 3344 692 3379 m.
702 3344 748 3394 pr.
763 3330 794 3378 V.
869 3323 952 3378 electi
976 3324 1152 3378 Vindelicus:
1178 3322 1284 3376 adlecti
1301 3328 1332 3375 Δ.

312 3402 344 3448 11
370 3397 460 3467 ratus]
493 3400 592 3466 raptus
611 3403 642 3451 V.
754 3395 913 3467 cogitabat]
937 3394 1082 3464 cagitabat
1105 3401 1132 3447 P.
1229 3401 1262 3447 12
1290 3395 1334 3448 iu-

311 3467 385 3537 quit]
414 3467 514 3535 inquid
542 3474 573 3522 V.
693 3467 851 3537 adsignari]
882 3467 1034 3535 adsignare
1059 3472 1089 3519 V.
1210 3471 1243 3517 13
1271 3466 1333 3519 dari

310 3539 390 3609 iussi]
416 3539 511 3592 darius
536 3540 559 3593 si
579 3546 708 3608 Fiam.
729 3544 902 3606 1111111111
921 3555 1034 3607 111111,
1060 3538 1180 3591 dariusis
1238 3555 1273 3591 m.
1286 3556 1332 3606 pr.

312 3616 345 3664 16
365 3610 484 3681 obortis]
504 3610 630 3665 obhortis
650 3616 733 3663 FPV.
826 3609 886 3679 aut]
907 3609 984 3662 haud
1002 3615 1070 3661 Par.
1081 3627 1127 3678 pr.
1217 3615 1249 3660 17
1271 3611 1333 3681 aut]

299 3681 388 3734 baud
406 3689 475 3735 l’ra.
486 3701 531 3751 pr.
606 3686 639 3736 18
658 3682 826 3748 Euctemon]
845 3683 984 3733 euctenon
1002 3686 1030 3732 F.
1109 3686 1138 3732 19
1158 3680 1264 3751 Atque]
1284 3684 1334 3736 ad-

300 3770 366 3820 ·que
384 3760 436 3806 LP.
529 3759 563 3807 20
587 3754 729 3809 miseritus
754 3753 865 3819 salpae:
890 3752 1038 3805 miseretur
1057 3758 1086 3804 Δ.
1179 3757 1212 3805 21
1238 3753 1333 3827 iussit]

304 3826 382 3878 ussit
397 3831 421 3876 P
434 3844 468 3879 m.
477 3844 526 3895 pr.
