3150 4459
278 410 344 476 208
661 410 692 475 o.
712 409 822 464 suan
840 409 926 463 nusi

278 574 387 657 liberi,
410 574 576 639 vinculum
599 574 688 658 fidei,
714 573 842 638 obsides
865 574 951 657 apud
973 573 1083 659 regem
1107 572 1217 655 erant]
1241 570 1312 638 dati

279 663 423 728 eomites.
459 663 523 727 Per
545 664 672 727 deserta
694 664 793 729 etiam
817 662 858 728 ob
883 662 1059 727 siceitatem
1082 662 1155 728 looa
1172 661 1312 729 camelis

227 770 260 817 19
279 752 451 819 undecimo
475 752 535 837 die,
559 774 624 837 quo
646 752 871 836 destinaverat,
894 753 1094 838 perveniunt.
1132 750 1177 814 Et
1201 753 1311 835 prins-

281 865 377 927 quam
409 842 511 926 ipsias
542 842 747 907 nuntiaretur
776 842 941 925 adventus,
973 862 1085 906 rursus
1109 839 1311 923 Polydamas

279 935 403 995 vestem
425 930 666 996 Macedonicam
689 933 791 996 sumit
813 935 846 996 et
868 931 902 995 in
926 929 1171 996 tabernaculum
1192 928 1311 995 Clean-
1337 957 1348 995 a

281 1020 331 1084 dri
353 1058 398 1067 —-
420 1022 550 1103 praetor
576 1021 632 1085 hio
658 1022 766 1107 regius
795 1024 863 1084 erat
889 1058 929 1066 -
955 1025 1069 1104 quarta
1096 1019 1212 1105 vigilia
1238 1041 1311 1104 per·

228 1112 377 1174 advenit.
414 1108 562 1174 Redditis
581 1110 696 1176 deinde
714 1109 833 1175 litteris
852 1109 1091 1175 constituerunt
1108 1110 1215 1194 prima
1235 1110 1312 1174 luae

281 1198 322 1263 ad
339 1197 586 1264 Parmenionem
610 1200 704 1264 coire.
740 1197 875 1282 iamque
898 1199 1012 1264 esteris
1032 1220 1160 1282 quoque
1178 1197 1312 1263 litteras

281 1290 367 1374 regis
390 1288 557 1371 attulerat,
589 1290 653 1352 iam
682 1289 723 1353 ad
746 1311 819 1354 eum
844 1289 972 1353 venturi
995 1292 1100 1371 erant,
1132 1310 1207 1353 oum
1230 1286 1312 1352 Par·

228 1394 260 1441 21
281 1376 424 1442 menioni
446 1376 683 1460 Polydamanta
705 1380 832 1443 venisse
854 1378 1092 1441 nuntiaverunt.
1140 1375 1204 1452 Qui
1229 1377 1313 1442 dum
1327 1404 1351 1443 ro

281 1468 421 1531 laetatur
448 1467 588 1531 adventu
619 1467 727 1551 amisi,
760 1467 921 1550 simulque
944 1468 1111 1550 noscendi,
1143 1488 1227 1550 quae
1250 1488 1313 1530 rex

282 1559 404 1640 egeret,
437 1555 615 1620 avidus-
641 1558 760 1641 quippe
788 1556 888 1642 longo
915 1559 1086 1621 intervallo
1116 1558 1240 1620 nullam
1267 1556 1312 1620 ab

282 1666 320 1709 eo
349 1646 521 1728 epistulam
549 1650 716 1729 aeoeperat
738 1684 783 1693 -
806 1645 1039 1729 Polydamanta
1061 1644 1182 1728 requiri
1206 1644 1311 1711 iubet.

229 1750 263 1798 aa
282 1733 476 1798 Deversoria
515 1735 659 1821 regionis
699 1737 787 1801 illius
832 1756 967 1820 magnos
1003 1756 1148 1800 recessus
1184 1732 1312 1799 habent

283 1844 500 1907 amoenosque
521 1824 709 1889 nemoribus
728 1847 827 1889 manu
846 1824 991 1889 consitis:
1015 1846 1052 1889 ea
1070 1823 1242 1908 praecipue
1261 1846 1313 1889 re-
1328 1849 1352 1889 is

230 1928 264 1976 23
283 1917 648 1997 gum-satraparumque
671 1914 822 1998 voluptas
850 1918 926 1978 erat.
964 1912 1172 1996 Spatiabatur
1195 1913 1231 1977 in
1255 1935 1312 1979 ne·

283 2023 373 2066 more
396 2001 591 2068 Parmenion
612 2003 737 2068 medius
764 2005 849 2069 inter
873 2003 983 2085 dossa,
1015 2002 1132 2087 quibus
1156 2006 1226 2066 erat
1250 2002 1312 2067 im-

283 2096 432 2175 peratum
455 2091 572 2157 litteris
596 2092 695 2178 regis,
722 2095 759 2157 ut
783 2092 973 2157 occiderent.
1018 2091 1171 2177 Agendae
1194 2096 1309 2157 antem

283 2182 330 2244 rei
362 2182 597 2245 constituerant
626 2185 771 2266 tempus,
804 2204 877 2247 eum
906 2181 1100 2246 Parmenion
1129 2179 1311 2266 aPolyda-

230 2286 265 2337 24
283 2274 393 2333 mante
423 2270 550 2335 litteras
584 2271 719 2336 traditas
750 2272 858 2355 legere
891 2272 1057 2355 coepisset.
1112 2270 1311 2354 Polydamas
1326 2297 1352 2336 ao

284 2360 399 2443 procul
425 2359 557 2424 veniens
585 2363 622 2425 ut
646 2382 665 2423 a
687 2360 900 2426 Parmenione
927 2365 1116 2443 eonspeotus
1141 2363 1189 2424 est
1211 2361 1311 2425 vultu

358 2659 372 2705 1
392 2651 481 2722 apud]
497 2655 566 2720 aput
580 2658 633 2705 PP.
690 2652 870 2705 :lundeeimo
883 2652 941 2722 die]
956 2637 985 2705 rii
1000 2652 1045 2705 die
1065 2657 1149 2717 BLV,
1170 2671 1199 2705 x1
1216 2629 1263 2704 die
1277 2659 1309 2717 P,

284 2744 325 2778 x1·
340 2723 435 2777 modio
449 2729 477 2776 P.
538 2740 593 2791 quo
609 2724 812 2795 destinaverat]
826 2724 902 2790 quod
917 2725 1152 2777 aestimaueratL
1170 2742 1205 2777 m.
1216 2741 1263 2791 pr.
1278 2730 1308 2777 P.
1396 2753 1399 2763 ·

285 2802 302 2849 4
327 2795 417 2863 ipsius
447 2796 623 2850 Vindalium:
658 2795 714 2864 ipsi
739 2801 770 2855 A.
882 2794 1065 2867 Polydamas]
1094 2795 1254 2864 polidamas
1282 2803 1308 2850 c.

286 2872 302 2921 5
320 2866 545 2937 Macedonicam]
568 2867 763 2920 macedoniam
782 2873 809 2919 P.
900 2872 915 2919 6
939 2869 1054 2935 praetor
1071 2873 1097 2919 1:
1122 2869 1203 2935 petor
1220 2872 1252 2919 A.

285 2938 344 3009 hio]
364 2939 394 2991 id
407 2944 438 2990 V.
494 2937 580 3008 8ad]
595 2954 611 2991 a
625 2944 653 2991 P.
708 2938 935 3008 Parmenionem]
954 2938 1183 3007 parmoenionem
1197 2943 1252 2990 BP.

285 3010 400 3077 Iamque
418 3010 530 3078 serapai:
550 3026 670 3078 namque
689 3015 720 3063 A.
776 3009 889 3081 esteris]
908 3011 995 3063 ceteri
1014 3014 1093 3065 BPL.
1153 3009 1265 3063 litteras
1280 3016 1307 3062 1:

285 3080 389 3135 litteris
407 3087 438 3134 A.
531 3082 623 3134 9iam
642 3098 692 3135 om.
707 3087 735 3134 P.
827 3080 903 3151 eum]
922 3080 979 3134 iarn
998 3088 1025 3135 P.
1116 3081 1309 3151 Parmenioni]

285 3153 480 3223 parmoenioni
499 3157 552 3206 BP.
613 3157 646 3205 10
664 3151 873 3220 Polydamanta
891 3158 917 3205 1:
936 3152 1132 3222 polidamanta
1150 3159 1180 3205 A.
1236 3171 1308 3207 nun-

286 3224 440 3295 tiaverunt]
459 3224 666 3278 nunoiauerunt
679 3230 710 3277 V.
785 3230 818 3277 11
838 3223 934 3295 amici]
954 3224 1035 3278 amiti
1049 3230 1077 3279 P.
1153 3231 1184 3278 12
1205 3224 1241 3277 ab
1262 3227 1308 3295 eo]

285 3296 377 3350 habeo
395 3301 423 3348 P.
481 3301 513 3347 13
533 3295 737 3363 Polydamanta
755 3301 781 3349 1:
800 3295 1016 3364 philodamanta
1029 3302 1102 3348 PPV
1117 3315 1150 3350 m.
1164 3314 1217 3364 pr„
1236 3297 1309 3365 phy-

286 3368 450 3423 lodamanta
463 3372 522 3430 BL,
542 3366 755 3436 pholidamantn
769 3372 792 3419 v
806 3384 841 3420 m.
855 3384 905 3421 seo.
962 3373 996 3421 14
1015 3366 1179 3422 Deversoria
1195 3369 1307 3437 scripsi:

287 3439 442 3493 diuersoria
460 3444 490 3491 A.
591 3438 709 3509 habent]
733 3438 820 3492 abent
842 3444 870 3493 P.
972 3444 1005 3492 15
1030 3440 1141 3510 regum]
1164 3449 1259 3493 'rerum
1279 3445 1307 3494 P.

288 3516 321 3565 16
337 3510 534 3580 Spatiabatur]
549 3510 793 3578 spaciabathV.
854 3510 979 3582 nemore]
988 3527 1100 3564 nemete
1109 3516 1137 3564 P.
1194 3515 1226 3564 17
1240 3509 1308 3565 Par-

286 3583 411 3652 menion]
430 3581 612 3650 parmoenion
630 3586 659 3635 B.
767 3587 798 3635 19
818 3582 996 3653 Parmenion]
1019 3582 1202 3651 parmoeuion
1224 3588 1252 3635 P.

286 3654 491 3723 Polydamante
505 3660 530 3706 1:
550 3653 742 3722 polidamante
759 3658 869 3721 BLPV,
884 3652 1079 3721 polidamanta
1093 3659 1121 3707 P.
1178 3660 1211 3706 20
1230 3653 1308 3709 litte-

285 3727 345 3798 ras]
359 3726 462 3780 lilteris
477 3731 505 3779 P.
560 3724 711 3795 coepisset]
730 3725 852 3794 cepisset
869 3728 950 3778 BLV.
1006 3724 1175 3793 Polydamas
1190 3732 1215 3778 1:
1236 3725 1308 3794 poli-

285 3798 385 3852 damas
400 3803 430 3851 A.
504 3802 537 3849 21
558 3795 754 3867 Parmenione]
773 3796 973 3865 parmoenione
987 3801 1016 3850 B.
