3150 4459
286 398 353 462 304
666 396 698 462 Q.
717 397 828 453 OURTI
847 396 933 451 RUFI

232 576 267 625 2ο
285 560 374 645 Ergo
403 564 512 644 spreto
540 550 627 646 regii
650 561 787 646 imperio
812 598 856 608 -
879 560 966 645 quod
988 560 1056 625 fere
1082 562 1140 640 fit,
1179 562 1243 627 ubi
1265 566 1321 627 tur·

286 649 371 714 batis
399 652 505 714 acrius
533 654 639 715 metus
668 672 765 734 quam
793 650 859 714 dux
882 650 1041 734 imperare
1064 651 1188 735 coepit
1213 690 1261 699 —
1283 656 1322 715 20

232 755 266 803 21
285 739 387 803 tidem
410 743 502 804 erant
525 739 749 822 imperatores,
779 744 861 823 quot
883 740 1013 824 agmina
1036 740 1217 806 errabant:
1246 741 1321 805 alins

286 829 421 913 iungere
443 831 554 910 aciem,
577 828 660 892 alius
681 828 833 912 dividere,
856 833 940 893 stare
959 828 1094 911 quidam
1114 834 1150 893 et
1171 830 1322 895 nonnulli

286 917 483 983 circumvehi
510 921 602 1002 terga
628 918 773 981 hostium
801 917 970 1002 iubebant,
1001 916 1088 981 nihil
1112 918 1150 983 in
1176 919 1349 984 22212222

233 1021 267 1069 22
287 1005 523 1074 consulebatur.
569 1006 673 1072 Porus
696 1012 806 1071 tamen
828 1029 903 1071 cum
925 1006 1050 1092 paucis,
1081 1007 1212 1090 quibus
1236 1013 1322 1072 metu

285 1097 395 1179 potior
421 1096 527 1160 fuerat
551 1096 669 1179 pudor,
699 1097 852 1181 colligere
876 1093 1051 1179 dispersos,
1084 1096 1212 1161 obvius
1236 1096 1322 1164 hosti

286 1186 333 1250 ire
357 1185 464 1270 pergit
487 1185 740 1269 elephantosque
759 1189 834 1250 ante
853 1207 968 1271 agmen
987 1206 1122 1249 suorum
1141 1187 1205 1272 agi
1224 1186 1322 1252 iubet.

233 1289 267 1337 23
286 1273 443 1359 Magnum
465 1274 579 1338 beluae
602 1274 739 1340 iniecere
762 1278 927 1357 terrorem,
953 1273 1174 1357 insolitusque
1202 1277 1323 1341 stridor

286 1385 354 1427 non
376 1384 476 1446 equos
500 1363 610 1446 modo,
636 1367 703 1426 tam
726 1364 880 1446 pavidum
903 1363 944 1426 ad
967 1363 1076 1427 omnia
1098 1364 1244 1451 animal,
1269 1365 1354 1431 aeda

234 1467 268 1515 24
286 1452 374 1516 viros
393 1474 522 1536 quoque
542 1452 733 1536 ordinesque
752 1453 947 1516 turbaverat.
977 1450 1047 1515 lam
1065 1452 1166 1537 firgae
1184 1455 1323 1520 circum·

287 1541 467 1625 spioiebant
493 1542 602 1607 locum
632 1544 727 1625 paulo
751 1545 826 1606 ante
850 1544 1002 1623 victores,
1031 1562 1104 1605 cum
1129 1540 1323 1609 Alexander

286 1630 449 1716 Agrianos
473 1634 506 1694 et
520 1630 660 1695 Thracas
683 1632 798 1695 leviter
820 1634 969 1714 armatos,
992 1630 1162 1694 meliorem
1185 1654 1324 1699 concur-

234 1733 268 1782 25
288 1721 412 1784 satione
435 1741 533 1802 quam
557 1722 737 1785 comminus
756 1720 904 1804 militem,
926 1718 1035 1784 emisit
1051 1720 1086 1783 in
1103 1718 1236 1788 beluas.
1274 1720 1323 1787 [n-

288 1813 418 1895 gentem
440 1808 475 1872 hi
497 1811 562 1873 vim
582 1809 722 1874 telorum
740 1810 879 1874 iniecere
898 1812 931 1872 et
949 1808 1130 1892 elephantis
1150 1814 1188 1874 et
1207 1834 1324 1899 regen·
1336 1836 1355 1877 2

287 1899 375 1963 tibus
404 1919 467 1962 eos.
513 1897 660 1963 Phalanx
687 1920 817 1981 quoque
840 1898 959 1963 instare
983 1901 1171 1962 constanter
1197 1902 1324 1966 territis

235 2002 269 2050 20
289 1989 405 2071 eoepit.
448 1985 511 2051 Sed
535 1988 666 2071 quidam
690 1987 815 2052 avidius
838 1988 1000 2070 persecuti
1022 1986 1135 2051 beluas
1159 1988 1200 2051 in
1219 1996 1325 2056 semet

289 2078 461 2140 inritavere
485 2078 681 2142 vulneribus.
728 2075 850 2141 Obtriti
873 2098 950 2161 ergo
973 2076 1110 2161 pedibus
1135 2099 1254 2144 earum
1277 2100 1326 2145 ce

235 2165 381 2249 2122222,
410 2169 448 2228 ut
470 2167 598 2248 parcius
621 2167 794 2248 instarent,
824 2166 914 2231 fuere
937 2166 1176 2230 documentum.
1228 2168 1326 2233 Prae-

290 2255 384 2337 cipue
406 2254 560 2319 terribilis
583 2256 640 2319 illa
662 2256 761 2320 facies
784 2259 862 2338 erat,
885 2277 958 2319 cum
982 2276 1080 2317 manu
1102 2276 1198 2319 arma
1221 2258 1359 2323 viros-a

290 2365 352 2426 que
389 2344 589 2427 corriperent
636 2348 668 2407 et
709 2366 806 2427 super
848 2365 882 2407 se
918 2343 1105 2429 regentibus
1141 2346 1326 2412 traderent.

236 2447 270 2494 28
289 2432 419 2515 Anceps
443 2455 520 2517 ergo
544 2454 655 2517 pugna
672 2454 758 2497 nunc
777 2433 990 2516 sequentium,
1013 2454 1100 2498 nunc
1117 2431 1327 2517 fngientium

290 2521 478 2605 elephantos
507 2523 541 2584 in
570 2524 711 2586 multum
739 2522 805 2586 diei
832 2524 958 2586 varium
981 2526 1144 2586 certamen
1167 2528 1328 2610 extraxit,

290 2611 392 2675 donec
415 2611 580 2675 securibus
602 2648 648 2657 -
670 2612 703 2675 id
725 2633 866 2694 namque
890 2633 991 2697 genus
1015 2610 1128 2674 auxilii
1147 2634 1328 2698 praepara

237 2716 270 2764 29
289 2704 360 2764 tum
388 2704 457 2764 erat
479 2738 523 2746 —
545 2700 643 2784 pedes
674 2704 840 2783 amputare
870 2704 1052 2784 coeperunt.
1100 2697 1248 2783 Copidas
1272 2727 1361 2771 voss

291 2789 406 2853 cabant
429 2789 556 2875 gladios
578 2790 693 2853 leviter
716 2794 878 2873 curvatos,
911 2789 1047 2854 falcibus
1076 2789 1216 2871 similes,
1251 2795 1328 2877 quis

290 2877 485 2961 adpetebant
513 2878 681 2943 beluarum
710 2901 833 2943 manus.
879 2876 949 2943 Nec
972 2880 1147 2962 quicquam
1171 2878 1328 2967 inexper-

289 2972 360 3031 tum
388 2989 453 3031 non
478 2969 593 3032 mortis
617 2968 727 3050 modo,
760 2968 937 3032 sedetiam
961 2969 994 3030 in
1018 2968 1091 3051 ipsa
1112 2971 1222 3032 morte
1246 2975 1328 3036 novi

237 3075 272 3124 3ο
291 3056 443 3139 supplicii
471 3057 570 3121 timor
600 3057 777 3122 omittebat.
825 3056 915 3141 Ergo
940 3056 1104 3139 elephanti
1126 3056 1327 3126 vulneribus
1340 3065 1372 3121 tl

364 3284 492 3365 322222]
513 3285 584 3338 erati
602 3291 622 3336 1²
638 3304 670 3338 m.
682 3304 727 3354 pr.
819 3285 1141 3357 quot]quod1’m.pr.
1232 3290 1327 3343 beir-

291 3356 432 3427 cumvehi]
458 3356 566 3409 crruehi
589 3361 650 3411 Lm
669 3374 713 3425 pr.
831 3362 845 3409 7
869 3358 974 3427 potior]
998 3356 1096 3425 pocior
1113 3362 1149 3424 V,
1175 3358 1278 3425 patior
1296 3366 1326 3414 L.
1397 3364 1399 3448 1

293 3433 325 3480 11
342 3427 621 3499 circumspiciebant]
637 3427 916 3496 circumspiciebat!¹
926 3445 960 3482 m.
971 3444 1012 3495 pr.
1028 3433 1090 3481 Lm.
1098 3444 1141 3497 pr.
1182 3432 1216 3481 13
1233 3429 1325 3485 Thra·
1398 3457 1399 3473 ¹

292 3515 339 3551 cas
358 3505 383 3552 1:
410 3497 544 3552 thrachas
568 3503 654 3565 BLV,
677 3501 792 3553 trechas
811 3505 868 3552 ΞΡ.
960 3500 1105 3553 meliorem
1124 3498 1236 3554 Lauer:
1265 3520 1326 3556 me·

291 3568 362 3623 liore
372 3576 403 3623 Δ.
460 3576 492 3623 16
504 3569 675 3641 elephantis]
686 3570 819 3640 ephantis
829 3577 857 3624 P.
915 3577 947 3625 16
958 3571 1076 3641 instare]
1085 3572 1160 3624 stare
1170 3576 1221 3636 RV
1231 3590 1268 3627 m.
1274 3591 1324 3643 pr.

292 3646 327 3693 20
342 3641 442 3712 facies]
457 3641 542 3695 faties
552 3646 579 3695 Ι..
636 3649 669 3694 21
685 3642 862 3713 regentibus]
877 3642 1010 3711 gentibus
1024 3649 1141 3710 Pmpr.
1198 3647 1235 3696 23
1251 3644 1312 3699 diei

292 3712 338 3766 dei
357 3717 426 3767 Bm.
438 3731 484 3781 pr.
558 3718 593 3765 24
612 3714 769 3785 securibus]
789 3714 880 3767 securi
897 3720 918 3766 F
932 3731 966 3766 m.
979 3731 1023 3781 pr.
1098 3718 1132 3766 25
1152 3720 1313 3782 coeperunt

293 3786 428 3853 ceperunt
446 3790 473 3836 L.
