<?xml version="1.0" encoding="UTF-8"?>
<!DOCTYPE html PUBLIC "-//W3C//DTD XHTML 1.0 Transitional//EN"
    "http://www.w3.org/TR/xhtml1/DTD/xhtml1-transitional.dtd">
<html xmlns="http://www.w3.org/1999/xhtml" xml:lang="en" lang="en">
 <head>
  <title>
</title>
<meta http-equiv="Content-Type" content="text/html;charset=utf-8" />
  <meta name='ocr-system' content='tesseract 3.04.00' />
  <meta name='ocr-capabilities' content='ocr_page ocr_carea ocr_par ocr_line ocrx_word'/>
</head>
<body>
  <div class='ocr_page' id='page_1' title='image "./qcurtirufihisto01rufugoog_0387.png"; bbox 0 0 3150 4459; ppageno 0'>
   <div class='ocr_carea' id='block_1_1' title="bbox 498 426 1324 495">
    <p class='ocr_par' dir='ltr' id='par_1_1' title="bbox 498 426 1324 495">
     <span class='ocr_line' id='line_1_1' title="bbox 498 426 1324 495; baseline 0.012 -14"><span class='ocrx_word' id='word_1_1' title='bbox 498 428 754 483; x_wconf 85' lang='lat' dir='ltr'>HISTORIARUM</span> <span class='ocrx_word' id='word_1_2' title='bbox 772 426 990 481; x_wconf 82' lang='lat' dir='ltr'>ALEXANDRI</span> <span class='ocrx_word' id='word_1_3' title='bbox 1008 428 1041 495; x_wconf 90' lang='lat' dir='ltr'><strong><em>X,</em></strong></span> <span class='ocrx_word' id='word_1_4' title='bbox 1060 436 1085 482; x_wconf 80' lang='lat'><strong><em>4.</em></strong></span> <span class='ocrx_word' id='word_1_5' title='bbox 1101 435 1125 482; x_wconf 85' lang='lat' dir='ltr'><strong><em>b.</em></strong></span> <span class='ocrx_word' id='word_1_6' title='bbox 1259 426 1324 491; x_wconf 84' lang='lat'><strong><em>369</em></strong></span> 
     </span>
    </p>
   </div>
   <div class='ocr_carea' id='block_1_2' title="bbox 245 590 1378 3263">
    <p class='ocr_par' dir='ltr' id='par_1_2' title="bbox 245 590 1378 3256">
     <span class='ocr_line' id='line_1_2' title="bbox 300 590 1326 674; baseline -0.003 -17"><span class='ocrx_word' id='word_1_7' title='bbox 300 591 472 657; x_wconf 74' lang='lat' dir='ltr'><strong><em>Chaldaeos</em></strong></span> <span class='ocrx_word' id='word_1_8' title='bbox 497 592 659 668; x_wconf 77' lang='lat' dir='ltr'><strong><em>inridebat,</em></strong></span> <span class='ocrx_word' id='word_1_9' title='bbox 681 593 763 673; x_wconf 83' lang='lat' dir='ltr'><strong><em>quad</em></strong></span> <span class='ocrx_word' id='word_1_10' title='bbox 780 590 976 674; x_wconf 73' lang='lat' dir='ltr'><strong><em>Babylonem¹</em></strong></span> <span class='ocrx_word' id='word_1_11' title='bbox 996 613 1060 656; x_wconf 89' lang='lat' dir='ltr'><strong><em>uon</em></strong></span> <span class='ocrx_word' id='word_1_12' title='bbox 1082 592 1240 673; x_wconf 78' lang='lat' dir='ltr'><strong><em>inpressas</em></strong></span> <span class='ocrx_word' id='word_1_13' title='bbox 1257 597 1326 655; x_wconf 85' lang='lat' dir='ltr'><strong><em>tan</em></strong></span> 
     </span>
     <span class='ocr_line' id='line_1_3' title="bbox 298 680 1325 764; baseline -0.001 -20"><span class='ocrx_word' id='word_1_14' title='bbox 298 686 364 745; x_wconf 93' lang='lat' dir='ltr'><strong><em>turn</em></strong></span> <span class='ocrx_word' id='word_1_15' title='bbox 395 686 470 746; x_wconf 87' lang='lat' dir='ltr'><strong><em>esset</em></strong></span> <span class='ocrx_word' id='word_1_16' title='bbox 501 682 679 764; x_wconf 88' lang='lat' dir='ltr'><strong><em>ineolurnis,</em></strong></span> <span class='ocrx_word' id='word_1_17' title='bbox 709 700 816 744; x_wconf 77' lang='lat' dir='ltr'><strong><em>uuurn</em></strong></span> <span class='ocrx_word' id='word_1_18' title='bbox 849 683 942 744; x_wconf 90' lang='lat' dir='ltr'><strong><em>etiarn</em></strong></span> <span class='ocrx_word' id='word_1_19' title='bbox 973 681 1153 746; x_wconf 75' lang='lat' dir='ltr'><strong><em>excessisset.</em></strong></span> <span class='ocrx_word' id='word_1_20' title='bbox 1211 680 1325 745; x_wconf 86' lang='lat' dir='ltr'><strong><em>Veruru</em></strong></span> 
     </span>
     <span class='ocr_line' id='line_1_4' title="bbox 298 767 1325 852; baseline -0.001 -19"><span class='ocrx_word' id='word_1_21' title='bbox 298 771 451 834; x_wconf 89' lang='lat' dir='ltr'><strong><em>enirnuero</em></strong></span> <span class='ocrx_word' id='word_1_22' title='bbox 473 770 636 835; x_wconf 87' lang='lat' dir='ltr'><strong><em>reuertenti</em></strong></span> <span class='ocrx_word' id='word_1_23' title='bbox 653 790 712 852; x_wconf 92' lang='lat' dir='ltr'><strong><em>per</em></strong></span> <span class='ocrx_word' id='word_1_24' title='bbox 729 769 873 851; x_wconf 83' lang='lat' dir='ltr'><strong><em>paludes,</em></strong></span> <span class='ocrx_word' id='word_1_25' title='bbox 897 789 976 851; x_wconf 79' lang='lat' dir='ltr'><strong><em>quas</em></strong></span> <span class='ocrx_word' id='word_1_26' title='bbox 993 770 1174 850; x_wconf 76' lang='lat' dir='ltr'><strong><em>Euphrates</em></strong></span> <span class='ocrx_word' id='word_1_27' title='bbox 1195 771 1233 833; x_wconf 93' lang='lat' dir='ltr'><strong><em>in</em></strong></span> <span class='ocrx_word' id='word_1_28' title='bbox 1248 767 1325 833; x_wconf 79' lang='lat' dir='ltr'><strong><em>Pub</em></strong></span> 
     </span>
     <span class='ocr_line' id='line_1_5' title="bbox 298 859 1326 941; baseline -0.001 -19"><span class='ocrx_word' id='word_1_29' title='bbox 298 859 438 941; x_wconf 89' lang='lat' dir='ltr'><strong><em>laeopau</em></strong></span> <span class='ocrx_word' id='word_1_30' title='bbox 456 861 574 941; x_wconf 82' lang='lat' dir='ltr'><strong><em>effusus</em></strong></span> <span class='ocrx_word' id='word_1_31' title='bbox 591 860 693 941; x_wconf 73' lang='lat' dir='ltr'><strong><em>efficit,</em></strong></span> <span class='ocrx_word' id='word_1_32' title='bbox 710 860 837 939; x_wconf 78' lang='lat' dir='ltr'><strong><em>tbedurn</em></strong></span> <span class='ocrx_word' id='word_1_33' title='bbox 856 880 945 923; x_wconf 84' lang='lat' dir='ltr'><strong><em>brnen</em></strong></span> <span class='ocrx_word' id='word_1_34' title='bbox 963 859 1099 923; x_wconf 85' lang='lat' dir='ltr'><strong><em>oblaturi</em></strong></span> <span class='ocrx_word' id='word_1_35' title='bbox 1118 864 1169 923; x_wconf 89' lang='lat' dir='ltr'><strong><em>est.</em></strong></span> <span class='ocrx_word' id='word_1_36' title='bbox 1206 859 1326 940; x_wconf 72' lang='lat' dir='ltr'><strong><em>Quippe</em></strong></span> 
     </span>
     <span class='ocr_line' id='line_1_6' title="bbox 296 947 1326 1030; baseline -0.001 -18"><span class='ocrx_word' id='word_1_37' title='bbox 296 949 383 1012; x_wconf 81' lang='lat' dir='ltr'><strong><em>ruini</em></strong></span> <span class='ocrx_word' id='word_1_38' title='bbox 405 950 534 1029; x_wconf 78' lang='lat' dir='ltr'><strong><em>desuper</em></strong></span> <span class='ocrx_word' id='word_1_39' title='bbox 555 949 756 1029; x_wconf 73' lang='lat' dir='ltr'><strong><em>inpendentes</em></strong></span> <span class='ocrx_word' id='word_1_40' title='bbox 774 949 945 1012; x_wconf 80' lang='lat' dir='ltr'><strong><em>detractura</em></strong></span> <span class='ocrx_word' id='word_1_41' title='bbox 963 949 1060 1030; x_wconf 86' lang='lat' dir='ltr'><strong><em>capiti</em></strong></span> <span class='ocrx_word' id='word_1_42' title='bbox 1078 949 1160 1030; x_wconf 79' lang='lat' dir='ltr'><strong><em>repis</em></strong></span> <span class='ocrx_word' id='word_1_43' title='bbox 1178 947 1326 1011; x_wconf 86' lang='lat' dir='ltr'><strong><em>diaderna</em></strong></span> 
     </span>
     <span class='ocr_line' id='line_1_7' title="bbox 294 1035 1325 1119; baseline 0 -18"><span class='ocrx_word' id='word_1_44' title='bbox 294 1043 487 1119; x_wconf 85' lang='lat' dir='ltr'><strong><em>proiecerunt</em></strong></span> <span class='ocrx_word' id='word_1_45' title='bbox 508 1039 544 1100; x_wconf 92' lang='lat' dir='ltr'><strong><em>in</em></strong></span> <span class='ocrx_word' id='word_1_46' title='bbox 567 1038 686 1119; x_wconf 73' lang='lat' dir='ltr'><strong><em>(tuctus.</em></strong></span> <span class='ocrx_word' id='word_1_47' title='bbox 726 1035 805 1102; x_wconf 78' lang='lat' dir='ltr'><strong><em>(lum</em></strong></span> <span class='ocrx_word' id='word_1_48' title='bbox 829 1038 940 1102; x_wconf 91' lang='lat' dir='ltr'><strong><em>deinde</em></strong></span> <span class='ocrx_word' id='word_1_49' title='bbox 963 1038 1030 1101; x_wconf 86' lang='lat' dir='ltr'><strong><em>ulia</em></strong></span> <span class='ocrx_word' id='word_1_50' title='bbox 1053 1042 1144 1119; x_wconf 81' lang='lat' dir='ltr'><strong><em>atqiu</em></strong></span> <span class='ocrx_word' id='word_1_51' title='bbox 1167 1036 1235 1101; x_wconf 91' lang='lat' dir='ltr'><strong><em>alia</em></strong></span> <span class='ocrx_word' id='word_1_52' title='bbox 1251 1056 1325 1119; x_wconf 79' lang='lat' dir='ltr'><strong><em>pro</em></strong></span> 
     </span>
     <span class='ocr_line' id='line_1_8' title="bbox 297 1125 1325 1210; baseline -0.001 -19"><span class='ocrx_word' id='word_1_53' title='bbox 297 1128 387 1208; x_wconf 78' lang='lat' dir='ltr'><strong><em>dipia</em></strong></span> <span class='ocrx_word' id='word_1_54' title='bbox 413 1128 647 1206; x_wconf 87' lang='lat' dir='ltr'><strong><em>nuntiarentur,</em></strong></span> <span class='ocrx_word' id='word_1_55' title='bbox 675 1126 887 1210; x_wconf 85' lang='lat' dir='ltr'><strong><em>procurandis</em></strong></span> <span class='ocrx_word' id='word_1_56' title='bbox 914 1127 959 1191; x_wconf 89' lang='lat' dir='ltr'><strong><em>eis</em></strong></span> <span class='ocrx_word' id='word_1_57' title='bbox 985 1125 1103 1191; x_wconf 78' lang='lat' dir='ltr'><strong><em>Graeco</em></strong></span> <span class='ocrx_word' id='word_1_58' title='bbox 1130 1126 1226 1191; x_wconf 85' lang='lat' dir='ltr'><strong><em>simul</em></strong></span> <span class='ocrx_word' id='word_1_59' title='bbox 1256 1126 1325 1190; x_wconf 88' lang='lat' dir='ltr'><strong><em>bar-</em></strong></span> 
     </span>
     <span class='ocr_line' id='line_1_9' title="bbox 298 1215 1325 1297; baseline 0.001 -19"><span class='ocrx_word' id='word_1_60' title='bbox 298 1216 430 1297; x_wconf 82' lang='lat' dir='ltr'><strong><em>baroque</em></strong></span> <span class='ocrx_word' id='word_1_61' title='bbox 458 1217 524 1279; x_wconf 93' lang='lat' dir='ltr'><strong><em>ritu</em></strong></span> <span class='ocrx_word' id='word_1_62' title='bbox 553 1217 701 1280; x_wconf 71' lang='lat' dir='ltr'><strong><em>antinno</em></strong></span> <span class='ocrx_word' id='word_1_63' title='bbox 730 1236 824 1279; x_wconf 88' lang='lat' dir='ltr'><strong><em>saera</em></strong></span> <span class='ocrx_word' id='word_1_64' title='bbox 849 1217 937 1297; x_wconf 82' lang='lat' dir='ltr'><strong><em>faeta</em></strong></span> <span class='ocrx_word' id='word_1_65' title='bbox 963 1221 1043 1280; x_wconf 91' lang='lat' dir='ltr'><strong><em>suut.</em></strong></span> <span class='ocrx_word' id='word_1_66' title='bbox 1090 1215 1198 1297; x_wconf 80' lang='lat' dir='ltr'><strong><em>Neque</em></strong></span> <span class='ocrx_word' id='word_1_67' title='bbox 1220 1221 1325 1280; x_wconf 89' lang='lat' dir='ltr'><strong><em>tarnen</em></strong></span> 
     </span>
     <span class='ocr_line' id='line_1_10' title="bbox 298 1304 1323 1386; baseline -0.001 -17"><span class='ocrx_word' id='word_1_68' title='bbox 298 1306 421 1385; x_wconf 82' lang='lat' dir='ltr'><strong><em>eupiuri</em></strong></span> <span class='ocrx_word' id='word_1_69' title='bbox 447 1307 513 1370; x_wconf 89' lang='lat' dir='ltr'><strong><em>uisi</em></strong></span> <span class='ocrx_word' id='word_1_70' title='bbox 539 1310 636 1369; x_wconf 91' lang='lat' dir='ltr'><strong><em>rnorte</em></strong></span> <span class='ocrx_word' id='word_1_71' title='bbox 661 1305 744 1386; x_wconf 78' lang='lat' dir='ltr'><strong><em>repis</em></strong></span> <span class='ocrx_word' id='word_1_72' title='bbox 766 1310 900 1385; x_wconf 82' lang='lat' dir='ltr'><strong><em>potuere.</em></strong></span> <span class='ocrx_word' id='word_1_73' title='bbox 958 1305 1020 1386; x_wconf 80' lang='lat' dir='ltr'><strong><em>Qui</em></strong></span> <span class='ocrx_word' id='word_1_74' title='bbox 1046 1326 1115 1369; x_wconf 85' lang='lat' dir='ltr'><strong><em>cunr</em></strong></span> <span class='ocrx_word' id='word_1_75' title='bbox 1144 1304 1323 1369; x_wconf 84' lang='lat' dir='ltr'><strong><em>Neareburn</em></strong></span> 
     </span>
     <span class='ocr_line' id='line_1_11' title="bbox 297 1393 1325 1475; baseline -0.002 -17"><span class='ocrx_word' id='word_1_76' title='bbox 297 1395 461 1475; x_wconf 75' lang='lat' dir='ltr'><strong><em>excepisset</em></strong></span> <span class='ocrx_word' id='word_1_77' title='bbox 489 1395 627 1459; x_wconf 77' lang='lat' dir='ltr'><strong><em>unuiuio</em></strong></span> <span class='ocrx_word' id='word_1_78' title='bbox 650 1394 775 1475; x_wconf 77' lang='lat' dir='ltr'><strong><em>iainque</em></strong></span> <span class='ocrx_word' id='word_1_79' title='bbox 804 1393 940 1458; x_wconf 84' lang='lat' dir='ltr'><strong><em>cubitum</em></strong></span> <span class='ocrx_word' id='word_1_80' title='bbox 969 1399 1071 1458; x_wconf 80' lang='lat' dir='ltr'><strong><em>durus</em></strong></span> <span class='ocrx_word' id='word_1_81' title='bbox 1099 1398 1186 1472; x_wconf 90' lang='lat' dir='ltr'><strong><em>esset,</em></strong></span> <span class='ocrx_word' id='word_1_82' title='bbox 1218 1393 1325 1457; x_wconf 89' lang='lat' dir='ltr'><strong><em>Medii</em></strong></span> 
     </span>
     <span class='ocr_line' id='line_1_12' title="bbox 297 1482 1325 1566; baseline 0.001 -20"><span class='ocrx_word' id='word_1_83' title='bbox 297 1483 446 1548; x_wconf 85' lang='lat' dir='ltr'><strong><em>Larisaci</em></strong></span> <span class='ocrx_word' id='word_1_84' title='bbox 472 1484 596 1548; x_wconf 87' lang='lat' dir='ltr'><strong><em>abninis</em></strong></span> <span class='ocrx_word' id='word_1_85' title='bbox 618 1482 762 1565; x_wconf 75' lang='lat' dir='ltr'><strong><em>presidens</em></strong></span> <span class='ocrx_word' id='word_1_86' title='bbox 788 1483 886 1566; x_wconf 88' lang='lat' dir='ltr'><strong><em>dedit,</em></strong></span> <span class='ocrx_word' id='word_1_87' title='bbox 913 1488 948 1547; x_wconf 93' lang='lat' dir='ltr'><strong><em>ut</em></strong></span> <span class='ocrx_word' id='word_1_88' title='bbox 969 1485 1014 1548; x_wconf 93' lang='lat' dir='ltr'><strong><em>ad</em></strong></span> <span class='ocrx_word' id='word_1_89' title='bbox 1035 1503 1105 1547; x_wconf 82' lang='grc' dir='ltr'>ιιννι</span> <span class='ocrx_word' id='word_1_90' title='bbox 1126 1484 1325 1547; x_wconf 78' lang='lat' dir='ltr'><strong><em>muissaturn</em></strong></span> 
     </span>
     <span class='ocr_line' id='line_1_13' title="bbox 297 1571 1326 1654; baseline 0 -19"><span class='ocrx_word' id='word_1_91' title='bbox 297 1573 420 1636; x_wconf 90' lang='lat' dir='ltr'><strong><em>ueniret.</em></strong></span> <span class='ocrx_word' id='word_1_92' title='bbox 464 1572 524 1638; x_wconf 86' lang='lat' dir='ltr'><strong><em>Ubi</em></strong></span> <span class='ocrx_word' id='word_1_93' title='bbox 541 1577 708 1654; x_wconf 79' lang='lat' dir='ltr'><strong><em>postquam</em></strong></span> <span class='ocrx_word' id='word_1_94' title='bbox 726 1577 791 1636; x_wconf 88' lang='lat' dir='ltr'><strong><em>tota</em></strong></span> <span class='ocrx_word' id='word_1_95' title='bbox 809 1578 894 1636; x_wconf 86' lang='lat' dir='ltr'><strong><em>noete</em></strong></span> <span class='ocrx_word' id='word_1_96' title='bbox 909 1572 1093 1654; x_wconf 74' lang='lat' dir='ltr'><strong><em>perpotaut,</em></strong></span> <span class='ocrx_word' id='word_1_97' title='bbox 1117 1571 1326 1637; x_wconf 67' lang='lat' dir='ltr'><strong><em>rnaie&#39;babere</em></strong></span> 
     </span>
     <span class='ocr_line' id='line_1_14' title="bbox 296 1661 1325 1743; baseline -0.001 -17"><span class='ocrx_word' id='word_1_98' title='bbox 296 1664 400 1743; x_wconf 88' lang='lat' dir='ltr'><strong><em>eoepit.</em></strong></span> <span class='ocrx_word' id='word_1_99' title='bbox 438 1662 660 1743; x_wconf 76' lang='lat' dir='ltr'><strong><em>Inprureseens</em></strong></span> <span class='ocrx_word' id='word_1_100' title='bbox 682 1662 793 1725; x_wconf 77' lang='lat' dir='ltr'><strong><em>duride</em></strong></span> <span class='ocrx_word' id='word_1_101' title='bbox 814 1661 939 1726; x_wconf 89' lang='lat' dir='ltr'><strong><em>rnarbus</em></strong></span> <span class='ocrx_word' id='word_1_102' title='bbox 961 1663 1037 1726; x_wconf 91' lang='lat' dir='ltr'><strong><em>adeo</em></strong></span> <span class='ocrx_word' id='word_1_103' title='bbox 1056 1681 1160 1726; x_wconf 90' lang='lat' dir='ltr'><strong><em>ornnes</em></strong></span> <span class='ocrx_word' id='word_1_104' title='bbox 1178 1664 1259 1725; x_wconf 88' lang='lat' dir='ltr'><strong><em>uires</em></strong></span> <span class='ocrx_word' id='word_1_105' title='bbox 1280 1662 1325 1725; x_wconf 93' lang='lat' dir='ltr'><strong><em>in-</em></strong></span> 
     </span>
     <span class='ocr_line' id='line_1_15' title="bbox 299 1751 1325 1831; baseline 0.001 -17"><span class='ocrx_word' id='word_1_106' title='bbox 299 1756 347 1814; x_wconf 92' lang='lat' dir='ltr'><strong><em>tra</em></strong></span> <span class='ocrx_word' id='word_1_107' title='bbox 375 1757 495 1815; x_wconf 86' lang='lat' dir='ltr'><strong><em>senturn</em></strong></span> <span class='ocrx_word' id='word_1_108' title='bbox 523 1751 605 1814; x_wconf 87' lang='lat' dir='ltr'><strong><em>diern</em></strong></span> <span class='ocrx_word' id='word_1_109' title='bbox 628 1751 785 1827; x_wconf 70' lang='lat' dir='ltr'><strong><em>enbauut,</em></strong></span> <span class='ocrx_word' id='word_1_110' title='bbox 819 1756 854 1813; x_wconf 88' lang='lat' dir='ltr'><strong><em>ut</em></strong></span> <span class='ocrx_word' id='word_1_111' title='bbox 880 1771 918 1814; x_wconf 91' lang='lat' dir='ltr'><strong><em>ne</em></strong></span> <span class='ocrx_word' id='word_1_112' title='bbox 941 1751 1023 1815; x_wconf 84' lang='lat' dir='ltr'><strong><em>noeis</em></strong></span> <span class='ocrx_word' id='word_1_113' title='bbox 1045 1751 1171 1831; x_wconf 59' lang='lat' dir='ltr'><strong><em>quidun</em></strong></span> <span class='ocrx_word' id='word_1_114' title='bbox 1188 1754 1325 1831; x_wconf 86' lang='lat' dir='ltr'><strong><em>potestas</em></strong></span> 
     </span>
     <span class='ocr_line' id='line_1_16' title="bbox 296 1839 1324 1921; baseline -0.001 -18"><span class='ocrx_word' id='word_1_115' title='bbox 296 1845 378 1904; x_wconf 90' lang='lat' dir='ltr'><strong><em>esset.</em></strong></span> <span class='ocrx_word' id='word_1_116' title='bbox 413 1840 537 1903; x_wconf 90' lang='lat' dir='ltr'><strong><em>Interea</em></strong></span> <span class='ocrx_word' id='word_1_117' title='bbox 555 1839 670 1903; x_wconf 83' lang='lat' dir='ltr'><strong><em>milites</em></strong></span> <span class='ocrx_word' id='word_1_118' title='bbox 689 1839 789 1903; x_wconf 82' lang='lat' dir='ltr'><strong><em>sollici</em></strong></span> <span class='ocrx_word' id='word_1_119' title='bbox 791 1839 899 1903; x_wconf 90' lang='lat' dir='ltr'><strong><em>tudine</em></strong></span> <span class='ocrx_word' id='word_1_120' title='bbox 917 1840 1128 1921; x_wconf 81' lang='lat' dir='ltr'><strong><em>desiderioque</em></strong></span> <span class='ocrx_word' id='word_1_121' title='bbox 1142 1840 1210 1903; x_wconf 92' lang='lat' dir='ltr'><strong><em>eius</em></strong></span> <span class='ocrx_word' id='word_1_122' title='bbox 1223 1840 1324 1921; x_wconf 87' lang='lat' dir='ltr'><strong><em>annii,</em></strong></span> 
     </span>
     <span class='ocr_line' id='line_1_17' title="bbox 297 1928 1325 2009; baseline 0 -17"><span class='ocrx_word' id='word_1_123' title='bbox 297 1929 440 2009; x_wconf 82' lang='lat' dir='ltr'><strong><em>quamuis</em></strong></span> <span class='ocrx_word' id='word_1_124' title='bbox 462 1928 698 1992; x_wconf 83' lang='lat' dir='ltr'><strong><em>admonentibus</em></strong></span> <span class='ocrx_word' id='word_1_125' title='bbox 716 1928 853 2005; x_wconf 83' lang='lat' dir='ltr'><strong><em>ducibus,</em></strong></span> <span class='ocrx_word' id='word_1_126' title='bbox 876 1949 915 1991; x_wconf 92' lang='lat' dir='ltr'><strong><em>ne</em></strong></span> <span class='ocrx_word' id='word_1_127' title='bbox 933 1928 998 1992; x_wconf 85' lang='lat' dir='ltr'><strong><em>auli</em></strong></span> <span class='ocrx_word' id='word_1_128' title='bbox 998 1929 1139 1992; x_wconf 79' lang='lat' dir='ltr'><strong><em>tuduieu</em></strong></span> <span class='ocrx_word' id='word_1_129' title='bbox 1157 1930 1239 2009; x_wconf 78' lang='lat' dir='ltr'><strong><em>repis</em></strong></span> <span class='ocrx_word' id='word_1_130' title='bbox 1257 1948 1325 1992; x_wconf 86' lang='lat' dir='ltr'><strong><em>one-</em></strong></span> 
     </span>
     <span class='ocr_line' id='line_1_18' title="bbox 297 2018 1323 2100; baseline 0.001 -20"><span class='ocrx_word' id='word_1_131' title='bbox 297 2023 412 2095; x_wconf 88' lang='lat' dir='ltr'><strong><em>rarent,</em></strong></span> <span class='ocrx_word' id='word_1_132' title='bbox 437 2022 659 2100; x_wconf 76' lang='lat' dir='ltr'><strong><em>expresserunt,</em></strong></span> <span class='ocrx_word' id='word_1_133' title='bbox 677 2019 766 2081; x_wconf 92' lang='lat' dir='ltr'><strong><em>utin</em></strong></span> <span class='ocrx_word' id='word_1_134' title='bbox 784 2022 976 2099; x_wconf 82' lang='lat' dir='ltr'><strong><em>conspectura</em></strong></span> <span class='ocrx_word' id='word_1_135' title='bbox 995 2019 1061 2081; x_wconf 89' lang='lat' dir='ltr'><strong><em>eius</em></strong></span> <span class='ocrx_word' id='word_1_136' title='bbox 1079 2018 1323 2082; x_wconf 76' lang='lat' dir='ltr'><strong><em>admitterentur.</em></strong></span> 
     </span>
     <span class='ocr_line' id='line_1_19' title="bbox 245 2067 1378 2190; baseline 0 -25"><span class='ocrx_word' id='word_1_137' title='bbox 245 2110 283 2166; x_wconf 80' lang='lat'><strong><em>14</em></strong></span> <span class='ocrx_word' id='word_1_138' title='bbox 364 2067 570 2170; x_wconf 67' lang='lat' dir='ltr'><strong><em>Intuentibus</em></strong></span> <span class='ocrx_word' id='word_1_139' title='bbox 588 2107 739 2170; x_wconf 76' lang='lat' dir='ltr'><strong><em>lacrimae</em></strong></span> <span class='ocrx_word' id='word_1_140' title='bbox 758 2105 892 2170; x_wconf 86' lang='lat' dir='ltr'><strong><em>obortae</em></strong></span> <span class='ocrx_word' id='word_1_141' title='bbox 911 2105 1087 2190; x_wconf 81' lang='lat' dir='ltr'><strong><em>praebuere</em></strong></span> <span class='ocrx_word' id='word_1_142' title='bbox 1101 2107 1241 2190; x_wconf 87' lang='lat' dir='ltr'><strong><em>speeiem</em></strong></span> <span class='ocrx_word' id='word_1_143' title='bbox 1257 2106 1334 2172; x_wconf 89' lang='lat' dir='ltr'><strong><em>iam</em></strong></span> <span class='ocrx_word' id='word_1_144' title='bbox 1326 2083 1378 2165; x_wconf 91' lang='lat' dir='ltr'><strong>V</strong></span> 
     </span>
     <span class='ocr_line' id='line_1_20' title="bbox 298 2194 1359 2296; baseline 0.001 -38"><span class='ocrx_word' id='word_1_145' title='bbox 298 2217 363 2258; x_wconf 88' lang='lat' dir='ltr'><strong><em>non</em></strong></span> <span class='ocrx_word' id='word_1_146' title='bbox 387 2217 510 2296; x_wconf 83' lang='lat' dir='ltr'><strong><em>regem,</em></strong></span> <span class='ocrx_word' id='word_1_147' title='bbox 543 2195 599 2259; x_wconf 90' lang='lat' dir='ltr'><strong><em>sed</em></strong></span> <span class='ocrx_word' id='word_1_148' title='bbox 627 2194 778 2259; x_wconf 77' lang='lat' dir='ltr'><strong><em>funus</em></strong></span> <span class='ocrx_word' id='word_1_149' title='bbox 750 2217 820 2259; x_wconf 85' lang='lat' dir='ltr'><strong><em>erus</em></strong></span> <span class='ocrx_word' id='word_1_150' title='bbox 844 2194 979 2259; x_wconf 87' lang='lat' dir='ltr'><strong><em>visentis</em></strong></span> <span class='ocrx_word' id='word_1_151' title='bbox 1003 2196 1175 2259; x_wconf 88' lang='lat' dir='ltr'><strong><em>exercitus:</em></strong></span> <span class='ocrx_word' id='word_1_152' title='bbox 1200 2212 1359 2259; x_wconf 76' lang='lat' dir='ltr'><strong><em>nraerore</em></strong></span> 
     </span>
     <span class='ocr_line' id='line_1_21' title="bbox 297 2283 1325 2359; baseline 0 -12"><span class='ocrx_word' id='word_1_153' title='bbox 297 2288 406 2348; x_wconf 85' lang='lat' dir='ltr'><strong><em>tamen</em></strong></span> <span class='ocrx_word' id='word_1_154' title='bbox 434 2285 713 2350; x_wconf 88' lang='lat' dir='ltr'><strong><em>circumstantium</em></strong></span> <span class='ocrx_word' id='word_1_155' title='bbox 736 2284 855 2348; x_wconf 91' lang='lat' dir='ltr'><strong><em>lectum</em></strong></span> <span class='ocrx_word' id='word_1_156' title='bbox 880 2284 1049 2348; x_wconf 83' lang='lat' dir='ltr'><strong><em>eminebat.</em></strong></span> <span class='ocrx_word' id='word_1_157' title='bbox 1028 2283 1185 2359; x_wconf 82' lang='lat' dir='ltr'><strong><em>tQuos</em></strong></span> <span class='ocrx_word' id='word_1_158' title='bbox 1208 2289 1246 2349; x_wconf 90' lang='lat' dir='ltr'><strong><em>ut</em></strong></span> <span class='ocrx_word' id='word_1_159' title='bbox 1268 2306 1325 2347; x_wconf 87' lang='lat' dir='ltr'><strong><em>rex</em></strong></span> 
     </span>
     <span class='ocr_line' id='line_1_22' title="bbox 297 2371 1325 2458; baseline 0.003 -23"><span class='ocrx_word' id='word_1_160' title='bbox 297 2373 435 2456; x_wconf 84' lang='lat' dir='ltr'><strong><em>aspexit:</em></strong></span> <span class='ocrx_word' id='word_1_161' title='bbox 470 2371 682 2455; x_wconf 83' lang='lat' dir='ltr'><strong><em>‘Invenietis‚&#39;</em></strong></span> <span class='ocrx_word' id='word_1_162' title='bbox 715 2374 836 2457; x_wconf 89' lang='lat' dir='ltr'><strong><em>inquit,</em></strong></span> <span class='ocrx_word' id='word_1_163' title='bbox 868 2373 955 2439; x_wconf 79' lang='lat' dir='ltr'><strong><em>‘eum</em></strong></span> <span class='ocrx_word' id='word_1_164' title='bbox 979 2394 1158 2457; x_wconf 79' lang='lat' dir='ltr'><strong><em>excessero,</em></strong></span> <span class='ocrx_word' id='word_1_165' title='bbox 1191 2374 1325 2458; x_wconf 82' lang='lat' dir='ltr'><strong><em>dignum</em></strong></span> 
     </span>
     <span class='ocr_line' id='line_1_23' title="bbox 271 2460 1360 2548; baseline -0.001 -21"><span class='ocrx_word' id='word_1_166' title='bbox 271 2461 418 2527; x_wconf 87' lang='lat' dir='ltr'><strong><em>stalibus</em></strong></span> <span class='ocrx_word' id='word_1_167' title='bbox 445 2462 523 2526; x_wconf 87' lang='lat' dir='ltr'><strong><em>viris</em></strong></span> <span class='ocrx_word' id='word_1_168' title='bbox 551 2463 693 2548; x_wconf 73' lang='lat' dir='ltr'><strong><em>regeml&#39;</em></strong></span> <span class='ocrx_word' id='word_1_169' title='bbox 731 2460 924 2528; x_wconf 79' lang='lat' dir='ltr'><strong><em>Incredibile</em></strong></span> <span class='ocrx_word' id='word_1_170' title='bbox 952 2462 1040 2526; x_wconf 88' lang='lat' dir='ltr'><strong><em>dictu</em></strong></span> <span class='ocrx_word' id='word_1_171' title='bbox 1069 2462 1258 2545; x_wconf 87' lang='lat' dir='ltr'><strong><em>audituque,</em></strong></span> <span class='ocrx_word' id='word_1_172' title='bbox 1290 2462 1360 2526; x_wconf 81' lang='lat' dir='ltr'><strong><em>ins</em></strong></span> 
     </span>
     <span class='ocr_line' id='line_1_24' title="bbox 298 2550 1323 2636; baseline 0.001 -23"><span class='ocrx_word' id='word_1_173' title='bbox 298 2552 410 2615; x_wconf 91' lang='lat' dir='ltr'><strong><em>eodem</em></strong></span> <span class='ocrx_word' id='word_1_174' title='bbox 432 2550 547 2615; x_wconf 89' lang='lat' dir='ltr'><strong><em>habitu</em></strong></span> <span class='ocrx_word' id='word_1_175' title='bbox 571 2552 731 2636; x_wconf 78' lang='lat' dir='ltr'><strong><em>corpoms,</em></strong></span> <span class='ocrx_word' id='word_1_176' title='bbox 762 2551 798 2614; x_wconf 92' lang='lat' dir='ltr'><strong><em>in</em></strong></span> <span class='ocrx_word' id='word_1_177' title='bbox 822 2573 917 2635; x_wconf 90' lang='lat' dir='ltr'><strong><em>quem</em></strong></span> <span class='ocrx_word' id='word_1_178' title='bbox 941 2573 974 2615; x_wconf 91' lang='lat' dir='ltr'><strong><em>se</em></strong></span> <span class='ocrx_word' id='word_1_179' title='bbox 999 2556 1227 2635; x_wconf 73' lang='lat' dir='ltr'><strong><em>conposuerat,</em></strong></span> <span class='ocrx_word' id='word_1_180' title='bbox 1251 2573 1323 2615; x_wconf 90' lang='lat' dir='ltr'><strong><em>cum</em></strong></span> 
     </span>
     <span class='ocr_line' id='line_1_25' title="bbox 298 2640 1323 2723; baseline 0.002 -20"><span class='ocrx_word' id='word_1_181' title='bbox 298 2640 495 2705; x_wconf 83' lang='lat' dir='ltr'><strong><em>admissurus</em></strong></span> <span class='ocrx_word' id='word_1_182' title='bbox 514 2640 634 2704; x_wconf 79' lang='lat' dir='ltr'><strong><em>milites</em></strong></span> <span class='ocrx_word' id='word_1_183' title='bbox 654 2643 747 2723; x_wconf 87' lang='lat' dir='ltr'><strong><em>esset,</em></strong></span> <span class='ocrx_word' id='word_1_184' title='bbox 770 2640 912 2723; x_wconf 84' lang='lat' dir='ltr'><strong><em>durasse,</em></strong></span> <span class='ocrx_word' id='word_1_185' title='bbox 934 2641 1035 2708; x_wconf 87' lang='lat' dir='ltr'><strong><em>donee</em></strong></span> <span class='ocrx_word' id='word_1_186' title='bbox 1053 2663 1071 2703; x_wconf 89' lang='grc' dir='ltr'><strong><em>ι</em></strong></span> <span class='ocrx_word' id='word_1_187' title='bbox 1090 2643 1161 2705; x_wconf 90' lang='lat' dir='ltr'><strong><em>toto</em></strong></span> <span class='ocrx_word' id='word_1_188' title='bbox 1181 2641 1323 2705; x_wconf 85' lang='lat' dir='ltr'><strong><em>exercitu</em></strong></span> 
     </span>
     <span class='ocr_line' id='line_1_26' title="bbox 297 2727 1324 2815; baseline 0 -23"><span class='ocrx_word' id='word_1_189' title='bbox 297 2729 379 2793; x_wconf 88' lang='lat' dir='ltr'><strong><em>illud</em></strong></span> <span class='ocrx_word' id='word_1_190' title='bbox 401 2729 552 2793; x_wconf 91' lang='lat' dir='ltr'><strong><em>ultimum</em></strong></span> <span class='ocrx_word' id='word_1_191' title='bbox 575 2730 791 2813; x_wconf 87' lang='lat' dir='ltr'><strong><em>persalutatus</em></strong></span> <span class='ocrx_word' id='word_1_192' title='bbox 815 2733 873 2793; x_wconf 92' lang='lat' dir='ltr'><strong><em>est.</em></strong></span> <span class='ocrx_word' id='word_1_193' title='bbox 919 2727 1129 2813; x_wconf 87' lang='lat' dir='ltr'><strong><em>Dimissoque</em></strong></span> <span class='ocrx_word' id='word_1_194' title='bbox 1151 2730 1250 2815; x_wconf 81' lang='lat' dir='ltr'><strong><em>vulgo</em></strong></span> <span class='ocrx_word' id='word_1_195' title='bbox 1272 2750 1324 2793; x_wconf 85' lang='lat' dir='ltr'><strong><em>ve-</em></strong></span> 
     </span>
     <span class='ocr_line' id='line_1_27' title="bbox 296 2817 1324 2903; baseline 0 -22"><span class='ocrx_word' id='word_1_196' title='bbox 296 2819 347 2881; x_wconf 88' lang='lat' dir='ltr'><strong><em>lut</em></strong></span> <span class='ocrx_word' id='word_1_197' title='bbox 370 2818 459 2883; x_wconf 90' lang='lat' dir='ltr'><strong><em>omni</em></strong></span> <span class='ocrx_word' id='word_1_198' title='bbox 482 2820 567 2882; x_wconf 84' lang='lat' dir='ltr'><strong><em>ritae</em></strong></span> <span class='ocrx_word' id='word_1_199' title='bbox 591 2818 699 2884; x_wconf 85' lang='lat' dir='ltr'><strong><em>debito</em></strong></span> <span class='ocrx_word' id='word_1_200' title='bbox 720 2818 877 2882; x_wconf 87' lang='lat' dir='ltr'><strong><em>liberatus</em></strong></span> <span class='ocrx_word' id='word_1_201' title='bbox 895 2818 1032 2903; x_wconf 84' lang='lat' dir='ltr'><strong><em>fatigata</em></strong></span> <span class='ocrx_word' id='word_1_202' title='bbox 1050 2817 1194 2881; x_wconf 88' lang='lat' dir='ltr'><strong><em>membra</em></strong></span> <span class='ocrx_word' id='word_1_203' title='bbox 1213 2818 1324 2883; x_wconf 89' lang='lat' dir='ltr'><strong><em>reiecit</em></strong></span> 
     </span>
     <span class='ocr_line' id='line_1_28' title="bbox 257 2906 1359 3010; baseline -0.001 -38"><span class='ocrx_word' id='word_1_204' title='bbox 257 2932 283 2972; x_wconf 85' lang='grc' dir='ltr'><strong><em>ιι</em></strong></span> <span class='ocrx_word' id='word_1_205' title='bbox 296 2908 495 3010; x_wconf 82' lang='lat' dir='ltr'><strong><em>propiusque</em></strong></span> <span class='ocrx_word' id='word_1_206' title='bbox 525 2908 670 2973; x_wconf 85' lang='lat' dir='ltr'><strong><em>adsidere</em></strong></span> <span class='ocrx_word' id='word_1_207' title='bbox 699 2908 795 2971; x_wconf 91' lang='lat' dir='ltr'><strong><em>iussis</em></strong></span> <span class='ocrx_word' id='word_1_208' title='bbox 825 2907 937 2972; x_wconf 91' lang='lat' dir='ltr'><strong><em>amieis</em></strong></span> <span class='ocrx_word' id='word_1_209' title='bbox 962 2946 1003 2953; x_wconf 93' lang='grc'><strong><em>--</em></strong></span> <span class='ocrx_word' id='word_1_210' title='bbox 1028 2930 1104 2971; x_wconf 92' lang='lat' dir='ltr'><strong><em>nam</em></strong></span> <span class='ocrx_word' id='word_1_211' title='bbox 1127 2910 1160 2970; x_wconf 89' lang='lat' dir='ltr'><strong><em>et</em></strong></span> <span class='ocrx_word' id='word_1_212' title='bbox 1182 2929 1246 2971; x_wconf 85' lang='lat' dir='ltr'><strong><em>vox</em></strong></span> <span class='ocrx_word' id='word_1_213' title='bbox 1270 2906 1359 2971; x_wconf 76' lang='grc' dir='ltr'>(ιι-4</span> 
     </span>
     <span class='ocr_line' id='line_1_29' title="bbox 296 2994 1323 3082; baseline 0 -22"><span class='ocrx_word' id='word_1_214' title='bbox 296 2995 427 3060; x_wconf 87' lang='lat' dir='ltr'><strong><em>ficere</em></strong></span> <span class='ocrx_word' id='word_1_215' title='bbox 418 3019 482 3060; x_wconf 90' lang='grc' dir='ltr'>ιιιιι</span> <span class='ocrx_word' id='word_1_216' title='bbox 511 3000 730 3081; x_wconf 87' lang='lat' dir='ltr'><strong><em>coeperat—</em></strong></span> <span class='ocrx_word' id='word_1_217' title='bbox 760 2996 814 3059; x_wconf 92' lang='lat' dir='ltr'><strong><em>det</em></strong></span> <span class='ocrx_word' id='word_1_218' title='bbox 800 3000 884 3060; x_wconf 84' lang='lat' dir='ltr'><strong><em>tract</em></strong></span> <span class='ocrx_word' id='word_1_219' title='bbox 884 3019 940 3060; x_wconf 94' lang='lat' dir='ltr'><strong><em>um</em></strong></span> <span class='ocrx_word' id='word_1_220' title='bbox 964 2996 1096 3059; x_wconf 89' lang='lat' dir='ltr'><strong><em>anulum</em></strong></span> <span class='ocrx_word' id='word_1_221' title='bbox 1120 2995 1224 3082; x_wconf 87' lang='lat' dir='ltr'><strong><em>digito</em></strong></span> <span class='ocrx_word' id='word_1_222' title='bbox 1189 2994 1323 3060; x_wconf 89' lang='lat' dir='ltr'><strong><em>t-Per</em></strong></span> 
     </span>
     <span class='ocr_line' id='line_1_30' title="bbox 297 3085 1323 3167; baseline 0.001 -19"><span class='ocrx_word' id='word_1_223' title='bbox 297 3086 404 3150; x_wconf 90' lang='lat' dir='ltr'><strong><em>diccae</em></strong></span> <span class='ocrx_word' id='word_1_224' title='bbox 434 3085 568 3149; x_wconf 85' lang='lat' dir='ltr'><strong><em>tradidit</em></strong></span> <span class='ocrx_word' id='word_1_225' title='bbox 598 3086 730 3150; x_wconf 86' lang='lat' dir='ltr'><strong><em>adiectis</em></strong></span> <span class='ocrx_word' id='word_1_226' title='bbox 759 3085 900 3148; x_wconf 88' lang='lat' dir='ltr'><strong><em>mandat</em></strong></span> <span class='ocrx_word' id='word_1_227' title='bbox 877 3089 934 3166; x_wconf 88' lang='lat' dir='ltr'><strong><em>trs,</em></strong></span> <span class='ocrx_word' id='word_1_228' title='bbox 963 3089 1141 3167; x_wconf 89' lang='lat' dir='ltr'><strong><em>utcorpus</em></strong></span> <span class='ocrx_word' id='word_1_229' title='bbox 1165 3107 1259 3148; x_wconf 90' lang='lat' dir='ltr'><strong><em>suum</em></strong></span> <span class='ocrx_word' id='word_1_230' title='bbox 1282 3085 1323 3149; x_wconf 86' lang='lat' dir='ltr'><strong><em>ad</em></strong></span> 
     </span>
     <span class='ocr_line' id='line_1_31' title="bbox 297 3172 1358 3263; baseline 0.001 -27"><span class='ocrx_word' id='word_1_231' title='bbox 297 3173 510 3239; x_wconf 87' lang='lat' dir='ltr'><strong><em>Hammonem</em></strong></span> <span class='ocrx_word' id='word_1_232' title='bbox 538 3174 614 3238; x_wconf 87' lang='lat' dir='ltr'><strong><em>ferri</em></strong></span> <span class='ocrx_word' id='word_1_233' title='bbox 643 3175 799 3238; x_wconf 90' lang='lat' dir='ltr'><strong><em>iuberent.</em></strong></span> <span class='ocrx_word' id='word_1_234' title='bbox 846 3172 1144 3256; x_wconf 85' lang='lat' dir='ltr'><strong><em>Quaerentibusque</em></strong></span> <span class='ocrx_word' id='word_1_235' title='bbox 1173 3174 1240 3263; x_wconf 84' lang='lat' dir='ltr'><strong><em>his,</em></strong></span> <span class='ocrx_word' id='word_1_236' title='bbox 1271 3173 1358 3237; x_wconf 75' lang='lat' dir='ltr'><strong><em>cuis</em></strong></span> 
     </span>
    </p>
   </div>
   <div class='ocr_carea' id='block_1_3' title="bbox 296 3312 1322 3880">
    <p class='ocr_par' dir='ltr' id='par_1_3' title="bbox 370 3312 1285 3384">
     <span class='ocr_line' id='line_1_32' title="bbox 370 3312 1285 3384; baseline 0.001 -19"><span class='ocrx_word' id='word_1_237' title='bbox 370 3314 521 3384; x_wconf 87' lang='lat' dir='ltr'><strong><em>lobortae]</em></strong></span> <span class='ocrx_word' id='word_1_238' title='bbox 534 3312 707 3367; x_wconf 83' lang='lat' dir='ltr'><strong><em>abhortael.</em></strong></span> <span class='ocrx_word' id='word_1_239' title='bbox 778 3312 922 3383; x_wconf 70' lang='lat' dir='ltr'><strong><em>blastum]</em></strong></span> <span class='ocrx_word' id='word_1_240' title='bbox 936 3312 1119 3367; x_wconf 76' lang='lat' dir='ltr'><strong><em>luetumrrn.</em></strong></span> <span class='ocrx_word' id='word_1_241' title='bbox 1127 3331 1173 3382; x_wconf 89' lang='lat' dir='ltr'><strong><em>pr.</em></strong></span> <span class='ocrx_word' id='word_1_242' title='bbox 1183 3318 1285 3367; x_wconf 79' lang='lat' dir='ltr'><strong><em>Leorr</em></strong></span> 
     </span>
    </p>

    <p class='ocr_par' dir='ltr' id='par_1_4' title="bbox 296 3384 1322 3880">
     <span class='ocr_line' id='line_1_33' title="bbox 296 3384 1322 3467; baseline 0 -31"><span class='ocrx_word' id='word_1_243' title='bbox 296 3400 344 3438; x_wconf 85' lang='grc' dir='ltr'><strong><em>ιιι</em></strong></span> <span class='ocrx_word' id='word_1_244' title='bbox 360 3384 687 3467; x_wconf 82' lang='lat' dir='ltr'><strong><em>aspexit1:respexitA</em></strong></span> <span class='ocrx_word' id='word_1_245' title='bbox 761 3384 1166 3455; x_wconf 74' lang='lat' dir='ltr'><strong><em>baud1tuque]aud1toquer</em></strong></span> <span class='ocrx_word' id='word_1_246' title='bbox 1242 3384 1322 3437; x_wconf 82' lang='lat' dir='ltr'><strong><em>&#39;tad-</em></strong></span> 
     </span>
     <span class='ocr_line' id='line_1_34' title="bbox 296 3454 1321 3525; baseline 0.001 -18"><span class='ocrx_word' id='word_1_247' title='bbox 296 3455 432 3508; x_wconf 89' lang='lat' dir='ltr'><strong><em>missurus</em></strong></span> <span class='ocrx_word' id='word_1_248' title='bbox 451 3461 520 3509; x_wconf 80' lang='lat' dir='ltr'><strong><em>Bne.</em></strong></span> <span class='ocrx_word' id='word_1_249' title='bbox 532 3474 590 3524; x_wconf 70' lang='lat' dir='ltr'><strong><em>pn:</em></strong></span> <span class='ocrx_word' id='word_1_250' title='bbox 615 3455 769 3509; x_wconf 87' lang='lat' dir='ltr'><strong><em>amissurus</em></strong></span> <span class='ocrx_word' id='word_1_251' title='bbox 793 3461 901 3510; x_wconf 82' lang='lat' dir='ltr'><strong><em>Beorr.</em></strong></span> <span class='ocrx_word' id='word_1_252' title='bbox 920 3461 1002 3509; x_wconf 73' lang='grc' dir='ltr'><strong><em>ΗΝ,</em></strong></span> <span class='ocrx_word' id='word_1_253' title='bbox 1095 3454 1321 3525; x_wconf 84' lang='lat' dir='ltr'><strong><em>8Dimissoque]</em></strong></span> 
     </span>
     <span class='ocr_line' id='line_1_35' title="bbox 296 3524 1321 3598; baseline 0.001 -21"><span class='ocrx_word' id='word_1_254' title='bbox 296 3524 508 3593; x_wconf 76' lang='lat' dir='ltr'><strong><em>Dimisoquer.</em></strong></span> <span class='ocrx_word' id='word_1_255' title='bbox 572 3526 661 3598; x_wconf 87' lang='lat' dir='ltr'><strong><em>velut]</em></strong></span> <span class='ocrx_word' id='word_1_256' title='bbox 681 3526 767 3581; x_wconf 89' lang='lat' dir='ltr'><strong><em>uelud</em></strong></span> <span class='ocrx_word' id='word_1_257' title='bbox 784 3533 805 3579; x_wconf 80' lang='lat' dir='ltr'>F</span> <span class='ocrx_word' id='word_1_258' title='bbox 824 3545 858 3580; x_wconf 82' lang='lat' dir='ltr'><strong><em>ui</em></strong></span> <span class='ocrx_word' id='word_1_259' title='bbox 869 3545 915 3595; x_wconf 87' lang='lat' dir='ltr'><strong><em>pr</em></strong></span> <span class='ocrx_word' id='word_1_260' title='bbox 930 3532 961 3581; x_wconf 89' lang='lat' dir='ltr'><strong><em>V.</em></strong></span> <span class='ocrx_word' id='word_1_261' title='bbox 1046 3531 1061 3580; x_wconf 87' lang='grc'>9</span> <span class='ocrx_word' id='word_1_262' title='bbox 1081 3527 1171 3598; x_wconf 91' lang='lat' dir='ltr'><strong><em>omm]</em></strong></span> <span class='ocrx_word' id='word_1_263' title='bbox 1190 3542 1273 3581; x_wconf 90' lang='lat' dir='ltr'><strong><em>omne</em></strong></span> <span class='ocrx_word' id='word_1_264' title='bbox 1292 3531 1321 3580; x_wconf 82' lang='lat' dir='ltr'>B</span> 
     </span>
     <span class='ocr_line' id='line_1_36' title="bbox 298 3597 1286 3669; baseline 0 -19"><span class='ocrx_word' id='word_1_265' title='bbox 298 3602 331 3650; x_wconf 91' lang='lat'><strong><em>10</em></strong></span> <span class='ocrx_word' id='word_1_266' title='bbox 345 3598 528 3669; x_wconf 88' lang='lat' dir='ltr'><strong><em>propiusque]</em></strong></span> <span class='ocrx_word' id='word_1_267' title='bbox 549 3597 785 3665; x_wconf 73' lang='lat' dir='ltr'><strong><em>Propriusquer</em></strong></span> <span class='ocrx_word' id='word_1_268' title='bbox 860 3599 1006 3652; x_wconf 88' lang='lat' dir='ltr'><strong><em>adsidere</em></strong></span> <span class='ocrx_word' id='word_1_269' title='bbox 1024 3599 1138 3667; x_wconf 83' lang='lat' dir='ltr'><strong><em>scripsi.</em></strong></span> <span class='ocrx_word' id='word_1_270' title='bbox 1158 3597 1286 3651; x_wconf 87' lang='lat' dir='ltr'><strong><em>adireA.</em></strong></span> 
     </span>
     <span class='ocr_line' id='line_1_37' title="bbox 297 3668 1321 3740; baseline 0.002 -20"><span class='ocrx_word' id='word_1_271' title='bbox 297 3669 427 3740; x_wconf 88' lang='lat' dir='ltr'><strong><em>deficere]</em></strong></span> <span class='ocrx_word' id='word_1_272' title='bbox 451 3686 501 3723; x_wconf 86' lang='lat' dir='ltr'><strong><em>orn.</em></strong></span> <span class='ocrx_word' id='word_1_273' title='bbox 516 3675 539 3721; x_wconf 87' lang='lat' dir='ltr'><strong>V</strong></span> <span class='ocrx_word' id='word_1_274' title='bbox 557 3687 591 3722; x_wconf 82' lang='lat' dir='ltr'><strong><em>ui.</em></strong></span> <span class='ocrx_word' id='word_1_275' title='bbox 605 3687 662 3738; x_wconf 73' lang='lat' dir='ltr'><strong><em>pn,</em></strong></span> <span class='ocrx_word' id='word_1_276' title='bbox 687 3669 870 3738; x_wconf 65' lang='lat' dir='ltr'><strong><em>deciperet,</em></strong></span> <span class='ocrx_word' id='word_1_277' title='bbox 895 3668 1013 3722; x_wconf 89' lang='lat' dir='ltr'><strong><em>deficere</em></strong></span> <span class='ocrx_word' id='word_1_278' title='bbox 1033 3669 1163 3738; x_wconf 89' lang='lat' dir='ltr'><strong><em>decipere</em></strong></span> <span class='ocrx_word' id='word_1_279' title='bbox 1181 3675 1201 3721; x_wconf 83' lang='lat' dir='ltr'>L</span> <span class='ocrx_word' id='word_1_280' title='bbox 1220 3686 1254 3724; x_wconf 80' lang='lat' dir='ltr'><strong><em>na.</em></strong></span> <span class='ocrx_word' id='word_1_281' title='bbox 1266 3686 1321 3737; x_wconf 74' lang='lat' dir='ltr'><strong><em>pr,</em></strong></span> 
     </span>
     <span class='ocr_line' id='line_1_38' title="bbox 297 3739 1321 3811; baseline -0.001 -19"><span class='ocrx_word' id='word_1_282' title='bbox 297 3740 428 3808; x_wconf 88' lang='lat' dir='ltr'><strong><em>decipere</em></strong></span> <span class='ocrx_word' id='word_1_283' title='bbox 442 3745 471 3806; x_wconf 82' lang='lat' dir='ltr'><strong><em>B,</em></strong></span> <span class='ocrx_word' id='word_1_284' title='bbox 490 3742 536 3794; x_wconf 89' lang='lat' dir='ltr'><strong><em>sed</em></strong></span> <span class='ocrx_word' id='word_1_285' title='bbox 550 3757 618 3796; x_wconf 81' lang='lat' dir='ltr'><strong><em>corr.</em></strong></span> <span class='ocrx_word' id='word_1_286' title='bbox 634 3741 699 3795; x_wconf 88' lang='lat' dir='ltr'><strong><em>add.</em></strong></span> <span class='ocrx_word' id='word_1_287' title='bbox 718 3743 750 3795; x_wconf 91' lang='lat' dir='ltr'><strong><em>in</em></strong></span> <span class='ocrx_word' id='word_1_288' title='bbox 769 3742 893 3810; x_wconf 77' lang='lat' dir='ltr'><strong><em>marpiue</em></strong></span> <span class='ocrx_word' id='word_1_289' title='bbox 913 3739 1039 3794; x_wconf 81' lang='lat' dir='ltr'><strong><em>deficere.</em></strong></span> <span class='ocrx_word' id='word_1_290' title='bbox 1123 3747 1155 3793; x_wconf 92' lang='lat'><strong><em>11</em></strong></span> <span class='ocrx_word' id='word_1_291' title='bbox 1176 3739 1321 3811; x_wconf 86' lang='lat' dir='ltr'><strong><em>coeperat]</em></strong></span> 
     </span>
     <span class='ocr_line' id='line_1_39' title="bbox 297 3812 1208 3880; baseline 0 -16"><span class='ocrx_word' id='word_1_292' title='bbox 297 3816 411 3880; x_wconf 88' lang='lat' dir='ltr'><strong><em>ceperat</em></strong></span> <span class='ocrx_word' id='word_1_293' title='bbox 429 3817 484 3864; x_wconf 83' lang='lat' dir='ltr'><strong><em>LV.</em></strong></span> <span class='ocrx_word' id='word_1_294' title='bbox 574 3817 606 3865; x_wconf 85' lang='lat'><strong><em>13</em></strong></span> <span class='ocrx_word' id='word_1_295' title='bbox 626 3812 813 3866; x_wconf 88' lang='lat' dir='ltr'><strong><em>Hammonem</em></strong></span> <span class='ocrx_word' id='word_1_296' title='bbox 831 3817 852 3864; x_wconf 83' lang='lat' dir='ltr'>B</span> <span class='ocrx_word' id='word_1_297' title='bbox 867 3829 901 3865; x_wconf 79' lang='lat' dir='ltr'><strong><em>nr.</em></strong></span> <span class='ocrx_word' id='word_1_298' title='bbox 915 3828 979 3866; x_wconf 84' lang='lat' dir='ltr'><strong><em>sea:</em></strong></span> <span class='ocrx_word' id='word_1_299' title='bbox 999 3828 1159 3865; x_wconf 83' lang='lat' dir='ltr'><strong><em>emmonem</em></strong></span> <span class='ocrx_word' id='word_1_300' title='bbox 1177 3816 1208 3864; x_wconf 95' lang='lat' dir='ltr'><strong><em>A.</em></strong></span> 
     </span>
    </p>
   </div>
   <div class='ocr_carea' id='block_1_4' title="bbox 350 3906 1165 3953">
    <p class='ocr_par' dir='ltr' id='par_1_5' title="bbox 350 3906 1165 3953">
     <span class='ocr_line' id='line_1_40' title="bbox 350 3906 1165 3953; baseline 0.002 -2"><span class='ocrx_word' id='word_1_301' title='bbox 350 3910 456 3951; x_wconf 81' lang='lat' dir='ltr'><strong><em>Ounrros</em></strong></span> <span class='ocrx_word' id='word_1_302' title='bbox 469 3911 551 3952; x_wconf 80' lang='lat' dir='ltr'><strong><em>Beros</em></strong></span> <span class='ocrx_word' id='word_1_303' title='bbox 566 3911 602 3950; x_wconf 86' lang='lat' dir='ltr'><strong><em>ed.</em></strong></span> <span class='ocrx_word' id='word_1_304' title='bbox 616 3910 755 3951; x_wconf 81' lang='lat' dir='ltr'><strong><em>Hedicke.</em></strong></span> <span class='ocrx_word' id='word_1_305' title='bbox 783 3911 826 3951; x_wconf 80' lang='lat' dir='ltr'><strong><em>Ed.</em></strong></span> <span class='ocrx_word' id='word_1_306' title='bbox 841 3910 923 3950; x_wconf 78' lang='lat' dir='ltr'><strong><em>maior.</em></strong></span> <span class='ocrx_word' id='word_1_307' title='bbox 1127 3906 1165 3953; x_wconf 62' lang='grc' dir='ltr'><strong><em>ἰιι</em></strong></span> 
     </span>
    </p>
   </div>
   <div class='ocr_carea' id='block_1_5' title="bbox 0 0 1580 4459">
    <p class='ocr_par' dir='ltr' id='par_1_6' title="bbox 0 0 1580 4459">
     <span class='ocr_line' id='line_1_41' title="bbox 0 0 1580 4459; baseline 0 2"><span class='ocrx_word' id='word_1_308' title='bbox 0 0 1580 4459; x_wconf 95' lang='lat' dir='ltr'><strong><em> </em></strong></span> 
     </span>
    </p>
   </div>
  </div>
 </body>
</html>
