3150 4459
315 406 380 472 328
697 409 728 475 Q.
748 408 859 464 CURTI
877 409 963 463 RUFI
1049 450 1051 460 .

313 577 421 636 ratum
443 594 552 659 regem
576 594 645 637 esse
668 573 849 638 credebant.
889 572 1099 657 Tandemque
1122 573 1357 642 internecione

260 678 293 728 21
313 659 458 725 hostium
481 662 585 726 iustae
608 663 674 725 irae
696 666 902 746 parentatum
925 666 983 726 est.
1029 661 1285 749 Ptolomaeum,
1305 665 1357 748 qui

313 754 427 834 postea
456 752 618 837 regnavit,
649 750 726 816 huic
748 773 878 837 pugnae
901 753 1043 816 adfuisse
1066 756 1190 817 auctor
1215 757 1271 817 est
1298 752 1356 818 Cli-

313 841 444 904 tarchus
477 844 510 903 et
538 840 742 926 Timagenes,
775 840 831 904 sed
864 841 933 924 ipse
961 841 1084 905 scilicet
1113 840 1251 926 gloriae
1283 865 1356 908 suae

313 951 380 993 uon
401 930 582 1014 refragatus
606 930 725 993 afuisse
749 952 782 993 se
806 929 942 994 missum
965 932 1000 994 in
1018 930 1272 1014 expeditionem
1294 954 1355 996 me
1374 956 1382 997 1

313 1019 435 1082 moriae
464 1018 606 1082 tradidit.
660 1019 764 1083 Tanta
794 1020 1047 1102 conponentium
1076 1023 1214 1084 vetusta
1243 1043 1354 1085 rerum

313 1108 514 1171 monimenta
537 1106 588 1172 vel
612 1109 766 1172 securitas
789 1109 855 1190 vel,
887 1131 946 1191 par
968 1108 1046 1173 huic
1069 1108 1205 1193 vitium,
1240 1110 1353 1175 credu-

259 1195 389 1261 salitas
412 1196 483 1260 fuit.
525 1196 615 1283 Rege
638 1198 672 1261 in
691 1196 934 1261 tabernaculum
953 1197 1055 1261 relato
1073 1197 1196 1262 medici
1218 1200 1353 1285 lignum
1364 1202 1389 1258 22

313 1286 451 1369 sagittae
484 1285 611 1370 corpori
644 1287 762 1349 infixae
789 1287 849 1369 ita,
880 1308 921 1350 ne
952 1286 1111 1370 spiculum
1145 1295 1352 1373 moveretur,

260 1392 294 1441 22
313 1374 491 1439 abscidunt.
540 1374 681 1458 Corpore
710 1374 825 1438 deinde
855 1375 977 1440 nudato
1001 1375 1275 1442 animadvertunt
1299 1378 1382 1445 han

312 1485 384 1527 mos
408 1465 512 1528 inesse
536 1464 600 1528 telo
624 1486 684 1528 nec
707 1464 801 1527 aliter
824 1464 858 1527 id
877 1465 946 1528 sine
965 1464 1106 1549 pernicie
1125 1466 1281 1549 corporis
1302 1489 1351 1531 ex·

259 1571 293 1618 24
312 1552 400 1616 trahi
423 1575 517 1635 posse
542 1575 648 1637 quam,
677 1557 713 1616 ut
737 1553 873 1617 secando
897 1555 1015 1618 vulnus
1039 1558 1205 1639 augerent.
1260 1556 1351 1621 Oete

311 1663 399 1724 rum,
441 1664 482 1706 ne
524 1647 668 1706 secantes
711 1642 907 1725 profluvium
949 1643 1115 1729 sanguinis
1158 1650 1350 1729 occuparet,

312 1731 519 1796 verebantur:
548 1731 669 1815 quippe
697 1731 811 1816 ingens
840 1732 941 1795 telum
965 1732 1114 1797 adactum
1137 1738 1211 1796 erat
1236 1738 1273 1798 et
1298 1757 1355 1819 pe

259 1838 293 1885 25
312 1824 457 1884 netrasse
481 1821 516 1884 in
538 1822 661 1885 viscera
682 1821 859 1885 videbatur.
906 1819 1103 1904 Critobulus,
1132 1821 1221 1885 inter
1247 1825 1380 1890 medi-a

313 1930 367 1972 cos
392 1909 471 1973 artis
488 1910 634 1992 eximiae,
659 1910 767 1974 sedin
786 1914 878 1974 tanto
897 1912 1041 1993 periculo
1060 1911 1204 1993 territus,
1228 1934 1350 1979 manus

312 1998 482 2062 admovere
505 1998 678 2082 metuebat,
701 2021 741 2062 ne
764 2001 800 2063 in
823 1999 925 2082 ipsius
949 2005 1047 2083 caput
1069 2022 1187 2084 parum
1210 2024 1349 2087 prospe

259 2106 293 2153 26
311 2108 365 2150 rae
390 2090 565 2152 curationis
589 2088 743 2152 recideret
766 2094 908 2152 eventus.
949 2088 1186 2153 Lacrimantem
1211 2111 1293 2156 eum
1312 2114 1350 2157 ac

312 2181 453 2240 metuet
476 2177 695 2243 sollicitudine
718 2178 954 2261 propemodum
981 2200 1161 2263 exanguem
1183 2201 1245 2242 rex
1272 2202 1349 2246 con·

312 2270 473 2347 spexerat:
505 2266 623 2348 ‘Quid’,
653 2267 773 2350 inquit,
805 2268 944 2349 ‘quodve
974 2272 1102 2350 tempus
1132 2272 1292 2351 expectas
1317 2275 1382 2337 eta

310 2376 379 2418 non
406 2376 503 2438 quam
532 2357 674 2439 primum
701 2355 765 2420 hoo
793 2356 904 2420 dolore
931 2378 983 2419 me
1006 2357 1121 2420 saltem
1143 2358 1348 2424 moriturum

311 2443 451 2507 liberas?
488 2443 541 2507 An
565 2446 669 2527 times,
691 2467 732 2508 ne
755 2466 829 2508 reus
853 2445 906 2529 sis,
930 2467 1004 2510 cum
1023 2444 1204 2509 insanabile
1223 2450 1348 2514 vulnus

258 2552 291 2599 27
311 2534 524 2616 acceperim‘l'
562 2534 608 2597 At
633 2532 822 2598 Critobulus
850 2535 980 2598 tandem
1008 2534 1060 2599 vel
1082 2536 1177 2599 finito
1203 2536 1259 2599 vel
1286 2538 1348 2603 dis-

311 2623 464 2686 simulato
489 2628 578 2686 metu
601 2624 726 2686 hortari
748 2645 824 2686 eum
848 2624 964 2708 coepit,
990 2629 1027 2688 ut
1050 2646 1083 2687 se
1107 2625 1347 2691 continendum

310 2711 488 2795 praeberet,
511 2712 588 2775 dum
613 2712 775 2796 spiculum
798 2717 962 2777 evelleret:
988 2715 1085 2777 etiam
1105 2715 1207 2776 levem
1229 2736 1349 2800 eorpo-
1362 2742 1383 2782 11

385 2947 398 2994 1
424 2941 617 2995 internecione
640 2947 667 2995 1:
693 2941 918 2997 intemicionec
945 2941 1138 3012 [intemitione
1164 2948 1189 2993 11
1208 2945 1241 2997 ira
1263 2947 1347 3017 ras.],

311 3012 502 3066 internetione
520 3018 548 3065 Ρ.
605 3019 621 3065 2
641 3012 837 3066 Ptolomaeum
854 3015 966 3081 scripsi:
986 3012 1160 3081 ptolomeum
1174 3018 1206 3082 V,
1226 3015 1346 3083 ptholo-

311 3100 406 3137 meum
424 3089 483 3149 BL,
502 3082 714 3152 photolomeum
732 3090 762 3151 F,
781 3084 956 3138 tholomeum
974 3090 1002 3137 1³.
1077 3090 1092 3138 3
1113 3083 1276 3140 Clitarchus
1292 3090 1347 3143 Al·

312 3156 378 3209 dote:
399 3154 559 3224 clytharcus
573 3159 597 3207 Δ
617 3155 761 3225 [clitarcus
775 3156 816 3226 F].
872 3163 888 3209 4
904 3156 1071 3225 'limugenes
1086 3162 1111 3208 1:
1127 3156 1296 3225 timageneu
1313 3165 1345 3213 Δ.

312 3232 329 3279 b
348 3226 464 3297 afuisse]
486 3226 611 3279 adfuisse
624 3233 652 3279 Ρ.
709 3234 725 3280 6
744 3229 857 3279 vetusta
874 3228 994 3282 Giaata:
1014 3228 1159 3281 uetustate
1175 3232 1206 3279 Δ.
1262 3234 1280 3287 ΓΙ
1302 3231 1345 3285 vi·

311 3297 383 3351 tium
414 3297 521 3351 uicium
541 3304 571 3349 v.
664 3298 802 3351 9infixae
827 3300 920 3368 Vopcl:
939 3299 1056 3351 infixum
1074 3304 1105 3353 Δ.
1193 3304 1228 3352 10
1248 3299 1345 3356 absci-

313 3370 385 3423 dunt
415 3369 547 3423 assidunt
564 3374 635 3423 Bm.
645 3387 691 3439 pr.
782 3375 815 3423 12
835 3370 957 3423 secando
976 3371 1144 3425 Frobem'as:
1164 3371 1291 3425 secundo
1311 3378 1343 3428 Δ.

313 3445 346 3494 15
368 3439 529 3494 Critobulus
548 3441 718 3496 Frobcaics:
739 3440 893 3495 critobolus
913 3446 943 3494 Δ,
1002 3446 1035 3494 16
1055 3440 1135 3513 artis]
1155 3443 1234 3495 artus
1252 3448 1285 3498 V.

310 3528 430 3566 maaca
444 3511 593 3565 admovere
608 3513 777 3568 Frobcaias:
794 3512 988 3577 admonerer,
1003 3527 1134 3567 amouere
1149 3517 1173 3564 0.
1232 3519 1265 3566 17
1282 3532 1342 3570 me·

310 3582 422 3654 tuebat]
442 3582 608 3637 metuebant
626 3589 657 3638 V.
736 3585 832 3655 caput]
853 3584 944 3653 capud
965 3589 1133 3653 raupa-1³.
1214 3589 1248 3639 18
1266 3586 1343 3641 reci·

311 3654 391 3708 deret
408 3661 434 3707 1:
460 3655 616 3708 reccideret
635 3660 665 3708 Δ.
784 3661 817 3708 19
836 3660 913 3709 metu
933 3656 1089 3711 Bentleiua:
1114 3657 1289 3710 metuentem
1309 3663 1341 3713 Δ.

311 3731 345 3779 20
365 3724 527 3850 Quidpquit
540 3731 571 3779 V.
627 3726 733 3798 inquit]
753 3726 853 3794 inquid
867 3732 889 3778 F
903 3744 938 3780 m.
950 3744 995 3795 pr.
1010 3733 1038 3779 Ρ.
1100 3732 1133 3779 22
1153 3727 1227 3799 cum]
1248 3728 1297 3781 uel
1312 3736 1342 3783 Ρ.

310 3804 344 3851 23
364 3795 440 3851 Crito
461 3798 524 3850 ulus
544 3797 713 3851 Frobeaias:
734 3796 887 3851 critobolus
907 3803 937 3851 Δ.
1327 3800 1329 3805 ’
