3150 4459
309 457 375 521 342
688 455 720 522 Q.
740 456 850 513 CURTI
867 457 956 512 RUFI

309 620 439 703 quidem
472 620 646 704 accepisse:
678 625 819 685 ceterum
848 621 945 685 tertio
976 621 1026 685 die
1053 621 1224 705 perveniri
1250 643 1344 705 posse

308 709 349 774 ad
373 732 490 793 aquam
514 732 668 794 amaram,
701 732 783 793 quae
812 714 1032 793 corrumperet
1055 709 1194 775 dulcem.
1248 709 1346 777 Intel-

273 815 288 862 7
306 799 427 863 lectum
451 803 500 864 est
519 821 606 863 mare
626 798 780 864 destinari
799 799 839 863 ab
859 799 981 884 ignaris
1000 803 1134 863 naturae
1155 800 1241 864 eius.
1284 798 1345 865 Ita

309 909 371 971 que
403 888 528 974 ingenti
562 889 727 952 alacritate
759 889 883 953 nautici
915 889 1089 973 remigant,
1120 892 1156 953 et
1186 890 1344 973 proximo

309 998 438 1061 quoque
462 976 526 1061 die,
558 999 622 1060 quo
645 978 780 1061 propius
805 999 878 1060 spes
902 977 1147 1060 admovebatur,
1172 979 1375 1047 crescebats

307 1066 404 1130 ardor
427 1066 617 1131 animorum.
664 1065 773 1131 Tertio
798 1066 863 1131 iam
886 1066 936 1129 die
955 1068 1093 1131 mixtum
1112 1066 1251 1131 flumini
1271 1068 1346 1132 snb-

307 1154 376 1218 ibat
397 1177 484 1219 mare
503 1155 569 1220 leni
588 1156 694 1220 adhuc
712 1160 803 1219 aestu
823 1155 1039 1219 confundente
1058 1155 1206 1238 dispares
1229 1158 1345 1223 undas.

271 1243 390 1308 sTum
424 1245 520 1309 aliam
554 1244 693 1309 insulam
725 1245 832 1309 medio
865 1245 953 1308 amni
985 1246 1082 1309 sitam
1110 1246 1218 1309 evecti
1244 1249 1344 1330 paulo

306 1332 440 1416 lentius,
473 1334 549 1417 quia
583 1355 695 1398 cursus
729 1338 819 1397 aestu
852 1333 1130 1417 reverberabatur,
1172 1335 1346 1419 adplicant

307 1424 441 1487 classem
470 1427 503 1486 et
530 1422 571 1485 ad
595 1427 793 1487 commeatus
817 1422 973 1507 petendos
998 1422 1197 1506 discurrunt,
1236 1425 1344 1490 securi
1357 1453 1376 1494 a

271 1528 398 1575 soasus
423 1511 505 1591 eius,
532 1512 589 1593 qui
612 1512 798 1594 supervenit
821 1512 951 1599 ignaris.
997 1511 1107 1575 Tertia
1128 1510 1237 1577 ferme
1262 1513 1380 1579 horati

307 1604 386 1679 erat,
410 1621 483 1664 omn
508 1603 593 1664 stata
616 1600 689 1665 vice
709 1599 855 1665 Oceanus
880 1605 1069 1665 exaestuans
1094 1601 1204 1665 invehi
1232 1604 1344 1687 coepit

262 1710 264 1712 ’
307 1692 339 1752 et
361 1693 449 1753 retro
471 1689 592 1753 flumen
611 1711 733 1775 urgere.
772 1689 866 1765 Quod
885 1691 989 1773 primo
1010 1692 1196 1774 coercitum,
1224 1692 1344 1757 deinde

306 1779 529 1843 vehementius
549 1779 679 1861 pulsnm
698 1778 821 1843 maiore
841 1781 965 1863 impetu
984 1779 1153 1844 adversum
1169 1782 1343 1865 agebatur,

253 1884 287 1932 10
307 1889 405 1950 quam
423 1870 581 1933 torrentia
599 1868 768 1951 praecipiti
783 1869 875 1932 alveo
890 1870 1067 1932 incurrunt.
1100 1866 1221 1953 Ignota
1239 1872 1372 1958 vulgos

273 1992 275 1994 >
305 1957 381 2020 freti
404 1962 520 2021 natura
543 1961 621 2040 erat,
644 1961 854 2040 monstraque
878 1961 909 2020 et
930 1957 997 2021 irae
1016 1958 1109 2021 deum
1130 1957 1257 2023 indicia
1277 1982 1342 2027 cer·

304 2067 380 2109 nere
412 2046 618 2129 videbantur,
656 2046 832 2110 identidem
865 2047 1082 2111 intumescens
1115 2069 1204 2111 mare
1240 2053 1277 2113 et
1307 2051 1342 2113 in

252 2151 285 2198 11
306 2155 437 2218 campos
456 2138 554 2219 paulo
573 2140 648 2200 ante
668 2136 769 2221 siccos
790 2135 980 2200 descendere
999 2136 1215 2219 superfusum.
1258 2136 1341 2203 Iam-

306 2244 369 2305 que
393 2224 506 2288 levatis
530 2225 670 2309 navigiis
693 2228 725 2288 et
748 2228 819 2288 tota
843 2225 944 2289 classe
967 2225 1123 2309 dispersa,
1157 2224 1215 2307 qui
1242 2249 1340 2311 expo-

306 2313 484 2394 sitierant,
509 2314 650 2397 undique
674 2313 714 2376 ad
738 2335 834 2377 naves
859 2314 976 2397 trepidi
1002 2318 1034 2377 et
1057 2314 1227 2397 inproviso
1251 2317 1338 2381 malo
1351 2343 1371 2383 a

253 2419 285 2465 12
305 2402 437 2465 attoniti
465 2406 642 2466 recurrunt.
690 2401 753 2466 Sed
780 2403 815 2465 in
845 2404 989 2467 tumultu
1012 2401 1178 2467 festinatio
1203 2426 1338 2490 quoqne

306 2491 398 2554 tarda
422 2495 478 2555 est.
516 2490 562 2555 Hi
586 2492 689 2555 contis
712 2492 843 2577 navigia
866 2492 1040 2575 pellebant,
1063 2491 1209 2574 hi,‘dum
1229 2516 1339 2560 remos

252 2596 285 2643 13
306 2582 410 2663 aptari
429 2580 655 2664 prohibebant,
680 2580 899 2665 consederant,
922 2582 1051 2664 quidam
1072 2580 1247 2662 enavigare
1266 2607 1339 2668 pro-

305 2674 464 2752 perantes
488 2670 632 2734 sednon
656 2672 844 2753 expectatis,
869 2670 924 2753 qui
949 2670 1046 2734 simul
1070 2691 1140 2733 esse
1165 2670 1339 2757 debebant,

305 2759 420 2823 clauda
443 2762 475 2822 et
499 2758 655 2823 inhabilia
678 2760 809 2843 navigia
831 2759 984 2843 languide
1003 2759 1229 2844 moliebantur,
1256 2762 1338 2827 aliae
1351 2788 1371 2829 a

303 2848 435 2911 navium
458 2847 641 2912 inconsulte
659 2852 789 2931 ruentes
809 2848 903 2932 [non]
922 2852 1123 2932 receperant:
1145 2850 1340 2935 pariterque

253 2952 287 3000 14
306 2940 339 3001 et
357 2937 534 3001 multitudo
554 2941 586 3001 et
605 2938 751 3021 paucitas
771 2937 962 3001 festinantes
982 2937 1176 3001 morabatur.
1204 2937 1340 3006 Clamor

305 3025 381 3089 hino
411 3031 594 3109 expectare,
625 3027 702 3091 hino
725 3027 772 3089 ire
796 3026 978 3091 iubentium
1002 3027 1216 3110 dissonaeque
1240 3051 1339 3095 voces

305 3136 482 3197 numquam
506 3115 590 3178 idem
615 3120 712 3197 atque
737 3138 837 3179 unum
859 3116 1061 3180 tendentium
1079 3138 1145 3179 non
1165 3116 1338 3183 oculorum

377 3278 394 3323 4
408 3272 561 3343 remigant]
576 3272 714 3325 remicant
728 3279 756 3325 P.
810 3278 824 3325 9
839 3272 945 3326 lentius
959 3274 1121 3327 Acidaliae:
1140 3272 1233 3326 leuius
1249 3281 1284 3331 Δ,

305 3342 537 3397 reverberabatur
551 3348 572 3395 B
587 3362 621 3397 m.
636 3361 700 3398 seo:
720 3343 955 3397 reuerebrabatur
968 3350 988 3396 P
1002 3362 1036 3398 m.
1047 3362 1104 3412 pr,
1117 3345 1307 3401 reserabatur
1321 3354 1339 3399 c

307 3414 531 3485 [reserabaturr
545 3434 580 3469 m.
590 3415 658 3486 pa]
712 3419 745 3467 10
760 3416 945 3486 commeatus]
961 3418 1133 3469 commeatos
1142 3420 1170 3468 P.
1224 3422 1258 3469 12
1276 3436 1337 3473 coe-

305 3485 361 3556 pit]
372 3486 448 3553 ocpit
458 3492 485 3539 P.
544 3491 576 3539 18
588 3487 757 3540 descendere
767 3493 793 3539 1:
805 3487 969 3540 discendere
983 3492 1006 3538 Δ
1022 3486 1210 3558 [discederet
1224 3506 1261 3542 m.
1268 3491 1337 3563 pn]

306 3563 339 3610 22
360 3556 397 3609 Hi
417 3557 525 3612 Lauer:
549 3577 571 3610 11
589 3563 619 3611 Δ.
676 3558 792 3624 navigia
812 3558 969 3629 pellebant]
989 3557 1277 3627 nauigiappellebant
1293 3567 1337 3614 sn

305 3646 340 3682 m.
352 3646 407 3696 pr,
421 3629 539 3698 nauigia
554 3628 738 3698 appellebant
748 3636 775 3682 P.
832 3630 863 3682 hi
878 3630 986 3683 Louer:
1001 3649 1023 3682 11
1033 3634 1063 3682 Δ.
1119 3636 1153 3682 23
1169 3631 1337 3705 enavigare]

306 3700 473 3769 enauigaret
491 3706 518 3753 P.
584 3707 618 3753 24
637 3701 706 3771 non]
726 3717 776 3755 cm.
792 3707 819 3753 P.
891 3706 924 3753 25
945 3699 1059 3772 clauda]
1079 3703 1115 3754 et*
1127 3700 1230 3755 clauda
1248 3708 1282 3757 V.

305 3771 459 3842 inhabilia]
478 3771 599 3825 inabilia
617 3776 646 3825 P.
719 3771 866 3843 languide]
890 3772 925 3825 de
944 3772 1068 3842 anguide
1087 3778 1114 3826 P.
1198 3779 1233 3827 26
1254 3774 1336 3847 [non]

305 3843 400 3897 deleta
476 3849 510 3896 29
529 3844 696 3914 numquam]
714 3859 855 3912 nusquam
874 3850 902 3897 P.
977 3844 1075 3914 atque]
1095 3843 1188 3911 adque
1207 3850 1236 3899 L.
