3150 4459
316 430 381 495 368
695 430 726 495 Q.
746 428 857 485 CURTI
876 428 963 483 RUFI

315 600 440 660 assueta
468 615 552 675 pens.
598 594 649 657 Ab
684 594 735 657 his
768 593 942 658 Persarum
972 612 1057 673 repes
1089 614 1198 658 annno
1222 593 1348 657 ‘tributo

315 704 422 763 pacem
453 684 605 748 redimere
635 682 784 761 solebant,
817 703 856 746 ne
884 684 919 746 in
949 682 1116 747 subiectam
1148 688 1273 746 terram
1301 684 1349 747 de

316 778 470 838 currentes
493 773 668 837 latrociniis
694 774 849 854 repionem
870 772 1010 852 facerent
1038 772 1195 852 infestam.
1263 771 1349 835 Nam

316 865 381 927 vim
409 867 590 943 temptantes
618 861 736 926 Persas
760 861 856 943 facile
881 861 1081 943 reppulerant
1107 862 1284 941 asperitate
1311 861 1349 924 l-

316 972 421 1016 earum
459 952 590 1032 defensi,
627 953 663 1015 in
699 971 778 1032 puae
814 970 846 1015 se
881 951 1081 1031 recipiebant,
1117 952 1265 1030 quotiens
1302 971 1350 1013 ar·

317 1043 379 1106 mis
406 1042 545 1121 superati
572 1045 669 1104 erant.
722 1040 811 1104 Idem
838 1039 1019 1104 maneribus
1045 1041 1217 1120 quotannis
1240 1040 1351 1122 placa

317 1131 445 1209 bantur,
477 1136 512 1193 ut
542 1130 609 1210 rapi
640 1130 827 1207 Ecbatanis,
864 1130 918 1193 ubi
950 1129 1068 1193 aestiua
1099 1128 1217 1193 solebat
1252 1149 1350 1211 apere,

317 1219 509 1301 Babulonem
540 1220 679 1298 remiara
702 1219 728 1281 ti
753 1223 837 1282 tutus
853 1240 914 1299 per
937 1239 973 1282 ea
996 1217 1063 1282 loca
1086 1219 1245 1283 transitus
1268 1223 1350 1283 esset.

317 1309 388 1373 Hos
415 1310 513 1389 ipitnr
535 1308 717 1372 Alexander
745 1308 892 1388 bipartito
923 1309 1048 1388 apmine
1071 1306 1240 1388 adpressus
1264 1309 1351 1372 intra

317 1397 533 1479 quadrapinta
556 1397 621 1461 dies
637 1397 825 1477 perdomuit.
865 1397 953 1461 Nam
977 1396 1016 1459 ab
1039 1398 1107 1476 ipso
1129 1416 1199 1477 repe
1223 1402 1255 1460 et
1279 1396 1350 1461 Pa

319 1486 445 1565 laniaco
468 1487 523 1567 qui
539 1492 665 1566 partem
684 1488 835 1551 cormedus
853 1487 988 1564 ducebat,
1011 1506 1100 1566 saepe
1119 1485 1200 1564 uicti,
1225 1492 1265 1549 nt
1283 1506 1351 1567 cap

319 1578 397 1641 tioos
424 1595 496 1640 suos
522 1576 702 1654 reciperent,
727 1576 899 1657 permisere
920 1596 953 1639 se
975 1577 1091 1639 emtori.
1138 1574 1199 1639 Ille
1223 1576 1351 1639 calidas

318 1665 409 1729 urbes
437 1666 619 1746 opportunis
646 1663 720 1728 locis
747 1666 840 1728 condi
867 1666 972 1742 iussit,
1000 1685 1038 1727 ne
1061 1663 1191 1728 abducto
1215 1665 1351 1728 exercitu

317 1755 389 1836 fera
409 1774 486 1835 pens
503 1754 612 1835 inpura
635 1758 762 1818 caueret.
797 1754 897 1818 Motis
920 1755 993 1818 inde
1016 1754 1135 1831 castris,
1157 1758 1192 1816 ut
1217 1754 1352 1818 melitem

319 1844 513 1925 expeditione
538 1844 652 1906 recenti
676 1844 794 1924 fessum
817 1844 964 1924 reficeret,
993 1843 1071 1906 lento
1095 1843 1222 1924 apmine
1247 1842 1353 1925 Baby-

321 1933 422 1997 lonem
448 1933 605 2013 processit.
657 1932 789 2013 Iamque
819 1934 874 1996 oia
906 1934 1038 2014 tripinta
1070 1931 1110 1995 ab
1136 1931 1211 1996 urbe
1242 1933 1351 1997 stadia

319 2022 440 2099 aberat,
469 2042 538 2085 cum
567 2021 730 2085 Nearchus
757 2023 902 2103 occurrit,
931 2043 1020 2103 quem
1046 2042 1102 2101 per
1133 2019 1298 2086 Oceanum
1326 2026 1353 2085 et

319 2111 498 2192 Euphratis
529 2113 610 2174 ostia
637 2111 830 2192 Babylonem
858 2112 1077 2191 praemiserat,
1108 2111 1286 2192 oravitque,
1316 2130 1352 2173 ue

318 2200 452 2281 fatalem
474 2200 536 2263 sibi
558 2200 664 2263 urbem
687 2200 774 2263 uellet
796 2201 925 2280 inprcdi.
965 2199 1163 2281 Conpertum·
1176 2200 1211 2263 id
1234 2200 1301 2264 sibi
1318 2218 1353 2263 ea

324 2286 502 2371 Chaldaeis,
524 2290 579 2369 qui
598 2288 769 2352 multarum
787 2290 855 2353 iam
869 2291 1121 2370 praedictionum
1144 2294 1255 2353 euentu
1275 2290 1353 2353 artis

321 2399 397 2442 suae
423 2378 518 2459 fidem
547 2378 670 2441 abunde
685 2379 911 2458 probavissent.
964 2379 1033 2443 Rea
1054 2380 1146 2458 fama
1169 2398 1281 2442 eorum
1303 2379 1352 2441 ho·

320 2469 445 2531 minum
469 2469 680 2547 constantique
703 2468 933 2532 adseueratione
956 2474 1056 2532 motus
1078 2466 1221 2531 dimissis
1246 2469 1283 2531 in
1301 2489 1352 2532 ur-

322 2557 388 2621 bem
426 2558 598 2620 amicorum
626 2557 784 2637 plerisque
818 2557 886 2620 alia
917 2559 971 2621 oia
1000 2562 1124 2638 practer
1154 2554 1352 2638 Babylonem

321 2647 469 2709 ducitae
499 2646 630 2709 ducenta
657 2646 732 2709 inde
753 2647 859 2710 stadia
888 2648 1004 2711 statiua
1034 2646 1176 2710 conlocat.
1226 2644 1294 2710 Sed
1314 2645 1352 2709 ab

322 2734 515 2799 Auamma
541 2734 724 2815 philosopho
756 2736 878 2799 edoctus
910 2736 1089 2816 contemptis
1122 2733 1353 2799 Chaldaeorum

324 2826 465 2904 monitis,
494 2844 624 2904 quorum
653 2824 854 2901 disciplinam
884 2826 1012 2889 inanem
1040 2829 1096 2889 aut
1124 2844 1353 2905 superuacuam

323 2913 549 2991 arbitrabatur,
581 2914 687 2977 urbem
716 2914 822 2977 intrat.
869 2913 1052 2991 Leaationes
1080 2934 1113 2977 eo
1141 2932 1178 2976 en
1205 2914 1351 2978 uniuerso

321 3004 420 3084 ferme
456 3002 526 3066 orbe
561 3002 782 3082 maturuerunt.
848 3004 965 3083 Quibus
997 3024 1056 3084 per
1091 3002 1253 3082 conplures
1288 3004 1353 3067 aies

324 3093 459 3155 studiose
481 3092 601 3156 auditis
624 3093 766 3173 deinceps
788 3093 834 3155 ad
846 3092 1088 3173 Hephaestionis
1111 3092 1260 3171 eaeqaias
1282 3092 1359 3156 ani*

324 3202 411 3243 mrim
443 3182 584 3244 aduertit.
635 3180 721 3260 Qum
751 3201 873 3246 summo
905 3184 1045 3245 omnium
1072 3181 1173 3245 studio
1203 3182 1252 3243 ita
1281 3182 1353 3245 ccle-

325 3270 432 3333 bratae
458 3275 544 3350 sunt,
572 3275 607 3333 ut
632 3270 751 3334 nullius
779 3273 823 3334 ad
846 3272 882 3334 id
903 3277 1021 3351 tempus
1042 3272 1124 3351 repis
1145 3270 1263 3335 feralia
1287 3291 1352 3335 ma·

323 3360 489 3440 pnitudiue
502 3364 681 3439 sumptuum
696 3365 928 3440 apparatusque
945 3361 1114 3424 celebritate
1132 3380 1194 3423 nou
1212 3360 1351 3424 uicerint.

327 3446 404 3511 Post
430 3448 504 3511 haec
531 3450 643 3528 cupido
671 3450 797 3512 incessit
822 3451 888 3530 repi
909 3470 969 3530 per
993 3448 1198 3528 Pallacopam
1227 3468 1352 3513 amnem

325 3538 370 3600 ad
391 3536 535 3600 Arabum
562 3538 700 3617 confinia
727 3538 918 3618 rcaoipandi:
946 3560 1004 3619 quo
1035 3538 1155 3602 delatus
1183 3537 1256 3600 urbi
1285 3559 1352 3603 con

325 3627 444 3689 ciendae
466 3628 626 3690 commoda
648 3629 716 3691 secie
738 3634 860 3707 reperta
877 3628 1067 3697 Graecorum
1090 3632 1189 3690 aetate
1211 3632 1270 3690 aut
1287 3627 1352 3691 oul-

325 3716 451 3779 ncrr'bus
473 3715 630 3779 inmlidos
650 3722 692 3798 et,
716 3717 746 3780 si
768 3718 823 3798 qni
846 3737 905 3781 sua
926 3722 1032 3798 sponte
1054 3722 1284 3799 remanserant,
1308 3717 1352 3779 rbi

326 3804 468 3869 conlocat.
506 3804 623 3884 Quibus
641 3826 678 3869 ea
696 3807 847 3869 sententia
860 3808 1006 3888 perfectis
1022 3808 1087 3869 iam
1104 3805 1208 3886 futuri
1225 3825 1352 3870 sccmns
