3150 4459
461 430 715 485 HISTORIARUM
733 430 948 484 ALEXANDRI
966 430 1014 496 VI,
1034 436 1057 483 6.
1075 437 1098 485 7.
1228 430 1290 493 175

268 595 428 676 timidum,
451 593 531 658 alias
554 594 753 679 proditorem
776 594 930 658 amatoris
945 594 1121 679 appellans,
1139 616 1226 659 nunc
1243 595 1290 659 in-

268 685 378 771 gentia
401 685 603 767 promittens,
625 684 852 767 interdumque
867 704 1002 769 regnum
1022 705 1159 767 quoque,
1183 705 1290 748 versa-

268 774 325 837 bat
348 772 490 837 animum
514 776 606 836 tanto
620 774 763 837 facinore
781 772 897 856 procul
920 771 1154 837 abhorrentem.
1193 772 1343 838 siric-12

267 868 338 927 tum
362 862 477 926 deinde
501 862 646 949 gladium
669 862 765 926 modo
790 861 890 944 illius,
912 861 1008 926 modo
1033 884 1091 926 suo
1116 862 1290 927 admovens

239 953 393 1039 siugul0‚
417 953 555 1035 supplex
579 951 664 1016 idem
683 955 715 1015 et
738 950 884 1033 infestus,
907 952 1066 1033 expressit
1087 951 1230 1034 tandem,
1253 955 1291 1016 ut

266 1064 332 1106 non
361 1041 467 1106 solum
498 1040 677 1123 silentium,
705 1040 761 1103 sed
789 1040 887 1104 etiam
915 1061 1044 1124 operam
1075 1040 1290 1124 polliceretur.

265 1130 414 1214 Namque
438 1130 565 1194 abunde
589 1130 768 1195 constantis
791 1128 893 1193 enimi
911 1134 953 1211 et,
968 1129 1093 1214 dignus,
1117 1129 1174 1213 qui
1197 1129 1290 1214 pudi-
1310 1146 1342 1194 13

266 1243 322 1285 cus
353 1223 450 1301 esset,
477 1218 561 1283 nihil
589 1242 629 1283 ex
656 1218 796 1302 pristina
819 1219 986 1282 voluntate
1009 1223 1207 1303 mutaverat,
1234 1218 1289 1283 sed

266 1314 395 1392 captum
419 1308 540 1391 Dymni
569 1330 677 1372 amore
706 1307 881 1371 simulabat
908 1307 991 1371 nihil
1020 1330 1175 1373 recusare.
1223 1306 1343 1386 Sci-‚14

224 1422 251 1461 10
266 1398 375 1463 scitari
404 1397 477 1462 inde
503 1398 627 1483 pergit,
659 1419 732 1461 cum
757 1396 875 1481 quibus
900 1400 1008 1461 tantae
1031 1398 1077 1462 rei
1102 1398 1298 1471 societatem

264 1490 390 1553 inisset:
419 1487 595 1571 plurimum
619 1486 751 1568 referre,
775 1486 887 1569 quales
910 1486 1061 1550 viritem
1086 1486 1288 1552 memorabili

264 1577 355 1662 operi
379 1576 538 1641 admoturi
564 1597 677 1639 manus
701 1578 816 1639 essent.
853 1574 913 1639 llle
932 1579 965 1639 et
979 1597 1089 1640 amore
1112 1580 1145 1639 et
1168 1578 1288 1641 scelere
1309 1592 1341 1640 15

264 1669 466 1731 malesanus
491 1665 587 1729 simul
612 1664 733 1749 gratias
759 1664 837 1750 agit,
865 1665 961 1728 simul
986 1665 1176 1751 gratulatur,
1201 1665 1288 1750 quod

262 1756 450 1821 fortissimis
478 1755 628 1818 iuvenum
657 1775 723 1817 non
749 1753 929 1819 dubitasset
953 1776 985 1817 se
1009 1754 1197 1840 adiungere,
1225 1753 1288 1818 Dc-

222 1869 247 1907 a
262 1845 394 1926 metri0,
427 1844 571 1927 corporis
606 1842 746 1925 custodi,
775 1841 951 1921 Peucolao,
982 1842 1152 1907 Nicanori:
1188 1844 1287 1908 adicit

263 1935 314 1999 his
358 1932 582 2017 Aphobetum,
622 1930 763 2014 Iolcum,
809 1930 1032 2015 Theoxenum,
1069 1931 1287 2017 Archepolim‚
1339 1974 1343 2005 ;

207 2026 247 2079 26
262 2023 448 2106 Amyntam.
472 2022 523 2085 Ab
534 2020 596 2084 hoc
607 2042 752 2084 sermone
767 2020 917 2085 dimissus
936 2020 1156 2087 Nicomochus
1171 2022 1283 2086 adfra-
1305 2038 1338 2086 16
1385 2033 1387 2037 ‘

261 2117 343 2176 trem
358 2150 402 2157 -
418 2110 571 2174 Cebalino
591 2113 661 2173 erat
678 2131 797 2173 nornen
816 2146 860 2155 -··
880 2132 961 2192 quae
981 2116 1156 2193 acceperat,
1175 2111 1286 2176 defert.

261 2202 371 2265 Placet
398 2201 505 2284 ipsum
530 2200 704 2263 subsistere
728 2198 762 2261 in
786 2199 1007 2283 tabernaculo,
1035 2220 1088 2281 ne,
1113 2200 1140 2263 si
1162 2200 1290 2287 regiam,
1340 2241 1343 2248 ι

220 2316 246 2354 so
262 2292 413 2354 intrasset
436 2312 502 2353 non
526 2288 678 2352 adsuetus
699 2287 787 2351 adire
811 2310 933 2373 regem,
958 2289 1117 2354 coniurati
1140 2291 1287 2372 proditos

264 2404 296 2444 se
326 2379 394 2444 esse
423 2378 640 2443 resciscerent.
686 2375 760 2461 Ipse
785 2374 956 2442 Cebalinus
985 2382 1060 2441 ante
1087 2378 1286 2446 vestibulum
1306 2398 1339 2445 11

260 2470 367 2555 regiae
398 2506 436 2513 -
468 2488 573 2551 neque
606 2468 691 2530 enim
723 2467 859 2550 propius
892 2467 998 2555 aditus
1029 2468 1058 2531 ei
1087 2467 1219 2552 patebat
1242 2506 1282 2515 ——
1390 2468 1395 2481 '

260 2559 409 2623 consistit
438 2558 609 2642 opperiens
637 2555 778 2639 aliquem
807 2577 847 2619 ex
875 2556 980 2639 prima
1009 2557 1142 2621 cohorte
1170 2558 1284 2621 amico·

334 2759 345 2803 1
369 2750 452 2821 alias]
473 2750 531 2803 alia
549 2755 618 2803 Pru.
627 2767 674 2818 pr.
749 2755 764 2801 5
784 2748 916 2820 supplex]
937 2749 1084 2818 suppellex
1104 2755 1173 2803 Bm.
1184 2768 1230 2819 pr.

260 2823 396 2892 expressit
414 2822 538 2887 tandem,
556 2823 621 2873 uto
652 2825 740 2874 vom.
755 2820 899 2892 tandem]:
919 2821 1065 2889 expressit,
1079 2824 1113 2875 ut
1126 2822 1241 2875 tandem
1256 2828 1284 2876 P.

260 2902 275 2947 6
296 2911 411 2962 operam
429 2899 455 2946 1:
477 2909 591 2961 aperam
605 2896 628 2943 Δ
654 2895 674 2942 Β
689 2909 724 2945 m.
738 2908 788 2945 sec.
804 2898 824 2943 P
837 2909 873 2946 m.
887 2909 952 2947 rec:
973 2893 1124 2964 asperam]
1181 2898 1195 2945 9
1217 2909 1283 2961 cap-

259 2967 332 3036 tum]
353 2968 453 3033 captus
468 2971 493 3016 c.
573 2978 667 3015 amore
684 2968 706 3014 B
725 2979 793 3017 corr.
809 2968 829 3015 L
847 2980 915 3018 corr.
935 2970 955 3016 P
974 2980 1042 3018 corr.
1061 2969 1084 3016 v
1099 2981 1182 3019 corr:
1203 2980 1283 3018 amoc

258 3042 279 3088 B
293 3056 328 3091 m.
339 3055 384 3106 pr.
397 3043 425 3103 P,
441 3053 503 3089 amo
518 3041 538 3086 1.
552 3052 587 3088 m.
598 3051 644 3103 pr.
658 3038 681 3085 V
695 3051 730 3087 m.
742 3052 797 3102 pr„
813 3041 954 3088 amaraeP
968 3053 1003 3089 m.
1014 3052 1059 3104 pr.
1126 3034 1282 3108 Sciscitari]

260 3109 372 3162 scistari
384 3113 414 3160 v.
489 3112 523 3159 10
543 3104 720 3176 societatem]
740 3105 902 3159 sotietatem
915 3112 944 3160 P.
1023 3111 1056 3159 13
1076 3107 1151 3175 quod
1179 3105 1283 3174 quid?

259 3198 294 3234 m.
305 3198 350 3248 pr.
426 3185 459 3231 14
478 3176 639 3231 fortissimis
656 3182 691 3228 P:
718 3175 889 3231 fortissimus
908 3185 933 3231 0.
1008 3184 1041 3231 15
1060 3178 1152 3232 Peuce
1165 3194 1199 3232 co
1220 3180 1283 3233 Mo·

259 3253 334 3305 dius:
359 3249 497 3319 pauculae
516 3253 547 3301 Δ.
627 3254 659 3301 16
679 3247 860 3315 Aphobetum
880 3249 1048 3304 Frobeaius:
1073 3250 1242 3317 apoebetum
1260 3255 1284 3302 Δ

259 3320 596 3392 ]‘aphocbetum1.corr.].
651 3317 760 3373 Iolcum
780 3321 873 3391 Vopel:
889 3321 999 3374 ioceum
1013 3325 1058 3373 A.»
1100 3320 1281 3375 Theoxenum

257 3396 367 3461 scripsi:
383 3394 535 3445 idoxeuum
544 3397 565 3443 P
575 3409 609 3444 m.
621 3408 678 3459 pr„
687 3389 849 3445 idioxenum
864 3398 881 3443 0
892 3392 1072 3463 [adioxenum
1082 3393 1126 3463 V]
1177 3393 1281 3447 Arche·

257 3465 343 3532 polim
370 3465 545 3519 Vindelicus:
569 3461 723 3530 ercepolim
742 3467 772 3515 L
864 3470 896 3516 17
919 3464 1085 3534 Amyntam]
1106 3463 1244 3516 amintam
1264 3470 1283 3517 c

258 3537 427 3607 [amintham
445 3536 513 3606 LV]
577 3538 610 3586 19
629 3533 734 3606 ipsum]
749 3533 844 3603 ipsum
863 3535 893 3587 in
907 3541 934 3588 P.
995 3540 1027 3587 21
1049 3550 1109 3588 esse
1128 3552 1178 3589 oce.
1194 3540 1225 3588 V.

257 3608 451 3678 resciscerent]
470 3606 652 3659 resciscerent
669 3611 697 3658 P.
791 3603 941 3660 Cebalinus
960 3612 986 3659 1:
1013 3605 1170 3660 cobellinus
1189 3613 1215 3673 0,
1235 3622 1290 3660 cua

256 3679 379 3732 bellinus
399 3685 466 3731 Pm.
480 3695 524 3746 pr.
612 3682 645 3729 22
665 3693 756 3744 neque
777 3676 902 3731 enimc:
922 3683 1060 3745 nequoP.
1151 3677 1280 3749 propius]

256 3752 385 3819 proprius
405 3756 473 3802 Pm.
485 3768 530 3817 pr.
546 3753 576 3800 v.
646 3753 680 3800 23
700 3748 862 3820 opperiens]
883 3749 1012 3817 operiens
1030 3754 1075 3801 PP
1089 3766 1123 3802 m.
1134 3766 1180 3818 pr.
1247 3764 1281 3801 ex

255 3823 346 3889 prima
366 3822 480 3874 cohorte
499 3819 653 3873 amicorum
672 3825 704 3873 P:
725 3820 880 3873 amicorum
899 3837 932 3874 ex
951 3820 1043 3890 prima
1064 3821 1178 3873 cohorte
1199 3826 1223 3871 c.
