3150 4459
313 449 378 513 248
694 450 724 514 Q.
745 449 854 504 CUltTl
874 449 959 503 RUFI

297 612 367 681 ‚alii
392 612 524 678 adiectis
547 614 673 678 funium
697 614 824 696 laqueis
848 634 989 695 evasere,
1020 612 1165 695 quidam,
1189 633 1266 677 cum
1294 634 1345 676 cu-

313 723 391 767 neos
414 704 499 768 inter
522 725 599 767 saxa
622 704 809 788 defigerent,
834 702 951 787 gradus
976 701 1160 784 subdidere,
1195 701 1272 785 quis
1299 702 1344 764 in-

313 792 473 856 sisterent.
520 792 614 857 Diem
642 792 725 856 inter
755 795 878 855 metum
901 790 1108 874 laboremque
1132 811 1346 874 consumpse-

260 898 293 944 lo
312 885 396 945 runt.
442 880 506 946 Per
528 904 641 966 aspera
664 880 762 945 enisis
786 880 916 946 duriora
939 880 1112 963 restabant,
1141 884 1173 943 et
1197 900 1346 944 crescere

200 977 202 980 ’
312 971 450 1034 altitudo
483 975 594 1056 petrae
626 970 804 1035 videbatur.
850 968 911 1034 Illa
944 992 1019 1034 vero
1049 968 1244 1034 miserabilis
1273 973 1345 1033 erat
1371 996 1381 1034 s

311 1060 420 1141 facies,
439 1082 511 1124 cum
531 1061 564 1143 ii,
584 1082 665 1144 quos
684 1058 845 1124 instabilis
865 1059 983 1143 gradus
1002 1059 1170 1141 fefellerat,
1194 1079 1234 1121 ex
1248 1080 1345 1140 prae-

311 1149 404 1233 cipiti
428 1149 686 1215 devolverentur:
717 1170 793 1213 mox
816 1149 926 1212 eadem
950 1148 984 1210 in
1008 1169 1041 1211 se
1065 1145 1218 1231 patienda
1242 1148 1344 1212 alieni

260 1254 292 1301 17
312 1260 404 1303 casus
437 1239 627 1303 ostendebat
659 1240 850 1322 exemplum.
897 1237 959 1300 Per
987 1238 1044 1302 has
1067 1240 1175 1301 tamen
1201 1235 1344 1300 difficul-

234 1327 240 1340 '
312 1331 395 1392 tates
424 1328 592 1393 enituntur
614 1328 648 1391 in
671 1329 825 1392 verticem
849 1328 982 1410 montis,
1011 1348 1122 1391 omnes
1145 1326 1344 1410 fatigatione

313 1416 494 1481 continuati
516 1417 638 1482 laboris
661 1417 788 1498 adfecti,
813 1415 942 1499 quidam
967 1415 1100 1479 mulcati
1126 1418 1216 1499 parte
1240 1436 1344 1479 mem-
1360 1443 1382 1480 a

312 1505 459 1587 brorum,
492 1506 675 1590 pariterque
708 1527 763 1570 eos
796 1508 828 1569 et
860 1527 925 1569 uox
954 1508 987 1569 et
1009 1526 1141 1569 somnus
1166 1505 1343 1587 oppressit.

259 1613 292 1660 18
313 1594 430 1660 Stratis
454 1597 574 1680 passim
600 1595 789 1678 corporibus
813 1595 847 1657 in
872 1594 967 1658 inviis
990 1599 1023 1657 et
1046 1594 1167 1677 asperis
1186 1614 1343 1658 saxorum

311 1684 446 1768 periculi
463 1686 614 1749 instantis
634 1684 728 1748 obliti
747 1686 782 1748 in
799 1686 904 1747 lucem
921 1684 1128 1767 quieverunt:
1143 1683 1344 1767 tandemque

311 1776 401 1838 velut
420 1795 459 1838 ex
478 1776 545 1839 alto
566 1796 680 1858 sopore
700 1773 833 1838 excitati
853 1774 995 1837 occultas
1015 1772 1247 1854 subiectasque·
1258 1771 1343 1856 ipsis

311 1867 412 1927 valles
435 1864 604 1944 rimantes,
628 1864 749 1949 ignari,
781 1863 817 1925 in
841 1884 904 1945 qua
927 1865 1018 1944 parte
1041 1865 1150 1945 petrae
1174 1865 1267 1925 tanta
1292 1864 1343 1927 vis
1358 1886 1381 1926 1⁵

311 1953 454 2017 hostium
488 1952 617 2017 condita
649 1956 746 2035 esset,
777 1953 905 2016 fumum
938 1973 1036 2034 specu
1069 1950 1153 2014 infra
1186 1971 1220 2014 se
1249 1950 1342 2033 ipsos

259 2060 291 2107 11
311 2044 477 2107 evolutum
491 2045 694 2106 notaverunt.
717 2041 768 2104 Ex
783 2063 848 2125 quo
863 2042 1073 2122 intellectum,
1088 2040 1177 2103 illam
1192 2039 1342 2104 hostium

311 2131 468 2195 latebram
492 2152 570 2195 esse.
608 2129 722 2214 ltaque
745 2131 848 2194 hastis
872 2130 1052 2213 inposuere,
1077 2128 1164 2212 quod
1183 2150 1343 2193 convene

310 2226 362 2284 rat
394 2221 536 2305 signum:
569 2224 705 2304 totoque
738 2242 755 2283 e
783 2241 917 2284 numero
944 2237 968 2282 11
993 2222 1026 2282 et
1049 2236 1121 2281 xxx
1145 2218 1179 2281 in
1203 2239 1342 2283 ascensu

257 2327 291 2374 20
311 2310 459 2373 interisse
478 2310 688 2394 adgnoscunt.
719 2309 789 2373 Rex
808 2330 873 2372 non
894 2307 1043 2390 cupidine
1064 2307 1166 2392 magis
1187 2306 1342 2390 potiundi
1357 2310 1392 2365 41

310 2400 375 2464 loci
399 2420 496 2482 quam
519 2399 588 2462 vice
612 2420 733 2482 eorum,
764 2419 845 2481 quos
869 2397 909 2461 ad
933 2402 999 2460 tam
1023 2396 1231 2460 manifestum
1255 2397 1342 2479 peri·
1358 2423 1381 2460 n

312 2490 419 2552 culum
444 2489 584 2571 miserat,
608 2488 766 2553 sollicitus
789 2490 860 2552 toto
886 2487 936 2551 die
960 2486 1126 2550 cacumina
1150 2485 1272 2549 montis
1293 2488 1342 2550 in-

311 2582 406 2642 tuens
436 2578 571 2641 restit't:
601 2582 700 2641 noctu
724 2578 863 2659 demum,
888 2598 959 2640 cum
984 2575 1164 2639 obscuritas
1189 2596 1341 2658 conspec-

313 2671 383 2731 tum
407 2669 574 2732 oculorum
599 2666 779 2747 ademisset,
804 2666 843 2730 ad
864 2665 1039 2729 curandum
1061 2686 1177 2747 corpus
1197 2666 1341 2729 recessit.

258 2756 446 2821 21Postero
475 2756 526 2819 die
554 2756 697 2820 nondum
722 2755 801 2818 satis
833 2757 918 2819 clara
944 2756 1017 2818 luce
1040 2753 1164 2837 primus
1189 2755 1274 2834 vela,
1301 2754 1382 2820 siaa

311 2868 412 2931 gnum
433 2845 519 2929 capti
536 2845 675 2928 verticis,
694 2844 871 2928 conspexit.
910 2841 981 2926 Sed,
1000 2865 1041 2907 ue
1060 2844 1226 2907 falleretur
1244 2842 1342 2926 acies,

311 2935 459 2999 dubitare
489 2934 627 3020 cogebat
651 2933 790 3001 varietas
814 2933 893 2997 caeli
917 2953 1002 2996 nuno
1026 2933 1234 2996 internitente
1256 2933 1341 2997 lucis

387 3137 396 3180 1
419 3128 535 3196 quidam
555 3130 667 3197 scripsi:
687 3127 789 3195 quibus
809 3132 839 3180 Δ,
914 3131 929 3178 2
949 3124 1101 3180 subdidere
1121 3126 1252 3179 Fascius:
1273 3125 1340 3179 sub·

311 3201 378 3253 inde
396 3205 426 3253 Δ.
536 3204 553 3251 4
573 3216 673 3268 aspera
692 3198 777 3252 enisis
797 3199 905 3257 Lauer:
930 3196 1086 3266 asperenisi
1105 3202 1137 3263 P,
1163 3211 1263 3264 aspera
1282 3196 1340 3249 nisi

311 3270 960 3341 1111111111,111111111111111111111.
1035 3267 1103 3339 sii]
1123 3268 1177 3320 ir.
1253 3272 1341 3335 ‘lpa-

311 3344 418 3412 tienda]
440 3342 580 3411 paciendo
598 3347 651 3395 ΒΡ.
728 3348 760 3395 12
779 3341 810 3394 in
829 3341 913 3393 inviis
932 3343 961 3393 et
980 3340 1087 3408 asperis
1102 3345 1128 3391 1:
1153 3339 1182 3391 in
1202 3337 1289 3391 inuiis
1311 3344 1341 3393 et

311 3415 341 3467 in
356 3414 462 3482 asperis
477 3420 504 3481 c,
523 3412 609 3467 inuiis
626 3416 654 3466 et
668 3412 775 3482 asperis
789 3418 818 3466 Ρ.
885 3418 917 3464 13
937 3411 1121 3481 tandemque]
1141 3410 1295 3476 tademque
1310 3416 1339 3466 P.

314 3492 345 3539 14
366 3485 575 3556 subiectasque]
595 3484 754 3539 subiectare
773 3490 801 3537 P.
898 3490 930 3536 11
949 3484 1085 3536 rimantes
1105 3484 1211 3536 Lauer:
1231 3481 1341 3535 riman·

311 3558 348 3612 tis
370 3563 400 3624 0,
419 3556 583 3610 rimantium
602 3562 630 3610 Ρ.
724 3562 756 3609 lo
779 3571 866 3625 specu
887 3555 1075 3609 Muetzcltius:
1101 3553 1197 3622 specui
1216 3558 1249 3617 P,
1275 3570 1340 3622 spe·

312 3646 360 3683 cus
380 3636 404 3681 c.
507 3634 539 3681 17
559 3628 748 3698 intellectum]
767 3626 943 3680 intellectam
962 3633 990 3691 1²,
1010 3623 1185 3679 intellectam
1205 3629 1233 3690 L,
1253 3624 1339 3679 intel·

311 3700 386 3755 loeta
405 3704 474 3753 Bm.
487 3717 530 3768 pr.
546 3705 566 3752 Ι.
585 3717 652 3754 corr.
668 3704 698 3752 v.
786 3703 819 3751 18
838 3697 941 3767 hastis]
965 3696 1034 3750 astis
1053 3702 1080 3749 P.
1166 3695 1339 3766 1911]fi1³.

312 3776 346 3827 20
361 3772 540 3841 adgnoscunt
554 3777 580 3826 1:
596 3771 754 3825 adnoscunt
768 3776 800 3824 Δ.
856 3776 889 3823 21
905 3768 1100 3838 manifestum]
1110 3767 1295 3822 manifestum
1307 3776 1339 3823 F.

311 3848 346 3900 26
384 3843 542 3914 conspexit]
561 3842 724 3912 conspecxit
743 3847 771 3895 r.
846 3846 879 3895 27
899 3842 986 3912 1111]
1005 3842 1073 3894 tunc
1093 3845 1118 3893 c.
