3150 4459
474 454 730 509 msroumaun
748 454 963 509 maximnm
981 454 1015 525 x,
1035 460 1058 509 s.
1076 460 1116 509 10.
1243 452 1307 518 387

288 616 479 703 Cassander,
507 619 682 683 Menander
704 620 741 683 in
762 619 898 703 Lydiam
922 618 1027 684 missi:
1051 618 1227 704 Phrygiam
1250 617 1311 682 Mi-

287 730 399 773 norem
413 708 627 792 Hellesponto
646 708 831 773 adiunctam
845 707 1001 772 Leonnati
1021 708 1221 792 provinciam
1241 727 1311 771 esse

287 800 457 863 iusserunt.
506 796 707 881 Cappadocia
729 798 869 862 Eumeni
897 820 968 863 cum
996 796 1219 883 Paphlagonia
1246 813 1347 861 ces-3

288 887 342 951 sit:
375 890 582 971 praeceptum
612 890 674 969 est,
703 892 741 951 ut
764 889 929 972 regionem
953 909 1022 951 eain
1045 908 1148 970 usque
1171 886 1211 949 ad
1234 885 1309 949 'Pra-

261 980 425 1061 spezunte
448 976 639 1055 defenderet,
662 976 783 1041 bellum
807 998 880 1041 curn
901 975 1076 1041 Ariarathe
1099 979 1236 1061 gereret:
1260 997 1310 1039 so-

286 1066 337 1130 lus
365 1065 418 1130 hio
446 1065 645 1129 detrectabat
671 1065 851 1148 imperium.
899 1064 1019 1129 Pithon
1041 1065 1195 1149 Mediam,
1218 1063 1346 1147 Lysi-4

287 1155 419 1220 machus
434 1154 602 1219 Thraciam
621 1154 847 1240 adpositasque
862 1154 1015 1218 Thraciae
1029 1154 1181 1219 Ponticas
1198 1158 1310 1238 gentes

287 1244 432 1308 obtinere
455 1245 544 1308 iussi.
582 1243 644 1321 Qui
663 1242 773 1307 Indiae
798 1244 917 1328 quique
936 1244 1063 1308 Bactris
1087 1248 1118 1308 et
1138 1240 1310 1328 Sogdianis

287 1334 465 1417 ceterisque
495 1337 552 1396 aut
579 1331 697 1398 Oceani
727 1338 784 1398 aut
812 1333 915 1397 Rubri
947 1335 1045 1398 maris
1075 1333 1192 1398 accolis
1222 1354 1311 1417 prae·

247 1450 273 1489 ro
287 1427 393 1506 erant,
417 1421 534 1505 quibus
558 1422 696 1506 quisque
719 1422 839 1487 finibus
862 1422 1040 1506 habuisset,
1064 1422 1235 1507 imperium
1255 1421 1310 1486 ob·

287 1512 435 1595 tinerent,
458 1512 621 1576 decretum
645 1515 707 1575 est:
731 1512 884 1577 Perdicca
907 1515 944 1575 ut
968 1534 1039 1576 cum
1064 1533 1139 1597 rege
1158 1515 1242 1575 esset
1260 1532 1310 1575 co-

285 1602 413 1685 piisque
436 1604 606 1685 praeesset,
634 1622 716 1683 quae
738 1623 847 1686 regern
872 1601 1094 1685 sequebantur.
1141 1598 1345 1664 Crediderat

287 1690 417 1773 quidam
444 1693 637 1754 testamento
662 1688 838 1755 Alexandri
866 1690 1056 1754 distributas
1083 1712 1153 1754 esse
1180 1690 1310 1772 provin-

287 1781 366 1862 cias,
399 1778 454 1842 sed
485 1779 605 1842 famam
637 1779 706 1843 eius
738 1780 798 1861 rei,
831 1801 1025 1863 quamquam
1054 1778 1094 1842 ab
1123 1778 1309 1844 auctoribus

247 1895 271 1934 15
286 1868 404 1932 tradita
427 1870 485 1950 est,
508 1889 623 1931 vanam
646 1869 746 1933 fuisse
770 1867 982 1953 conperimus.
1024 1867 1068 1932 Et
1087 1869 1215 1951 quidem
1235 1890 1309 1933 suas
1329 1885 1345 1932 6

287 1958 422 2040 quisque
438 1978 515 2040 opes
535 1957 647 2021 divisis
660 1958 789 2040 imperii
803 1958 959 2042 partibus,
980 1961 1018 2021 ut
1031 1956 1223 2021 ridebantur
1238 1957 1310 2041 sibi,

286 2045 507 2127 fundaverant,
531 2047 558 2110 si
576 2068 731 2129 umquam
749 2046 901 2111 adversus
919 2046 1097 2112 inmodicas
1117 2047 1309 2131 cupiditates

287 2136 442 2199 terminus
467 2139 574 2199 staret.
612 2134 739 2221 Quippe
762 2136 860 2220 paulo
884 2139 959 2200 ante
979 2137 1062 2221 regis
1082 2136 1222 2200 ministri
1241 2151 1342 2221 spe-7

286 2226 333 2289 cie
353 2224 480 2306 imperii
499 2225 595 2288 alieni
614 2226 808 2308 procurandi
827 2226 948 2311 singuli
967 2225 1111 2311 ingentia
1126 2225 1310 2290 invaserant

245 2341 272 2380 so
287 2335 386 2398 regna
409 2314 544 2379 sublatis
568 2315 779 2379 certaminum
804 2314 916 2399 causis,
944 2335 1017 2378 cum
1041 2319 1073 2379 et
1095 2337 1206 2380 omues
1229 2316 1310 2379 eius-

287 2404 358 2466 dem
382 2404 488 2488 gentis
511 2407 619 2467 essent
646 2408 678 2468 et
701 2426 719 2467 a
743 2405 856 2469 ceteris
881 2405 931 2468 sui
954 2404 1092 2488 quisque
1115 2405 1241 2487 imperii
1263 2426 1310 2469 re-

287 2493 382 2577 gione
416 2492 553 2556 discreti.
600 2490 663 2556 Sed
696 2493 828 2559 difficile
861 2497 930 2557 erat
962 2516 999 2558 eo
1034 2498 1202 2559 contentos
1231 2510 1345 2579 esse,s

286 2581 372 2664 quod
397 2581 558 2646 obtulerat
581 2581 720 2647 occasio:
744 2584 864 2667 quippe
884 2583 1016 2648 sordent
1032 2582 1137 2666 prima
1155 2603 1310 2666 quaeque,

287 2692 359 2734 cum
382 2670 506 2734 maiora
528 2675 705 2755 sperantur.
751 2670 866 2755 ltaque
890 2671 1039 2736 omnibus
1064 2672 1244 2755 expeditius
1265 2671 1309 2734 vi-

246 2786 271 2825 as
287 2760 421 2824 debatur
443 2781 561 2845 augere
584 2781 693 2845 regna,
716 2782 814 2843 quarn
837 2761 953 2824 fuisset
975 2761 1128 2843 accipere.

361 2998 372 3041 1
394 2989 560 3059 Menander]
579 2989 734 3043 manander
753 2996 769 3041 s
789 3006 824 3042 m.
836 3007 891 3059 pr,
910 2988 1059 3043 minander
1078 2996 1094 3041 s
1113 3006 1181 3044 corr.
1255 2989 1307 3058 Ly-

287 3059 375 3131 diam]
391 3060 489 3114 lidiam
505 3066 530 3113 0.
592 3060 756 3131 Phrygiam]
771 3060 916 3130 phrigiam
930 3065 1031 3114 BFLS.
1092 3060 1308 3131 2provinciam]

286 3132 460 3199 prouintiam
479 3138 528 3185 ιθ.
598 3137 614 3183 3
634 3130 826 3203 Cappadocia]
847 3131 1019 3201 cappadotia
1037 3137 1097 3197 LV,
1118 3132 1270 3201 capadotia
1284 3139 1308 3185 S.

286 3209 302 3255 4
323 3219 385 3256 earn
408 3203 508 3273 usque]
533 3218 650 3271 eamque
674 3208 702 3258 B.
722 3221 756 3257 m.
772 3222 817 3272 pr.
928 3204 1107 3272 Trapezunta
1125 3205 1228 3259 Aldus:
1252 3207 1309 3257 tra-

286 3274 404 3343 peiunta
423 3279 445 3326 Δ
465 3275 657 3344 [trapeiuncta
675 3279 723 3327 VB
742 3293 777 3329 m.
796 3276 867 3345 sec]
978 3280 994 3327 5
1014 3276 1180 3329 Ariarathe
1200 3277 1310 3346 gereret

286 3348 445 3414 Zumptias:
466 3345 564 3399 arbato
582 3347 693 3416 gereret
711 3350 739 3414 B,
758 3345 877 3399 barbate
896 3349 1007 3417 gereret
1020 3351 1106 3413 HV,
1125 3345 1213 3400 araba
1231 3350 1308 3415 tege·

286 3421 329 3470 ret
349 3424 373 3470 s.
474 3415 687 3470 6detrectabat
706 3422 775 3472 Bm.
789 3434 852 3473 sea:
878 3417 1055 3471 detractabat
1074 3423 1105 3473 Δ.
1205 3418 1309 3471 Pithon

286 3489 454 3543 Frobear'as:
473 3487 575 3556 phiton
594 3493 624 3541 Δ.
693 3488 878 3556 Lysimachus
897 3490 1066 3544 Frobercr'as:
1086 3488 1267 3544 leonmaehus
1283 3496 1309 3556 c,

285 3559 446 3613 leomachus
467 3567 490 3612 s.
575 3559 772 3643 7Th1aciam]
791 3561 910 3615 traciam
929 3566 971 3613 Ias
985 3578 1020 3614 m.
1031 3578 1077 3629 pr.
1160 3561 1309 3631 Thraciae]

284 3630 391 3684 traciae
409 3636 465 3684 LV.
544 3631 677 3702 9maris]
696 3648 788 3701 magis
807 3638 834 3685 L.
916 3637 950 3685 10
969 3632 1131 3703 imperium]
1151 3633 1264 3701 imperii
1283 3638 1307 3685 (t.

286 3708 319 3755 13
338 3702 511 3773 provincias]
529 3703 687 3771 prouintias
701 3709 776 3756 ΗΒ.
834 3709 867 3757 16
886 3706 920 3757 ut
937 3704 1107 3757 ridebantur
1125 3704 1179 3758 sibi
1198 3706 1308 3773 scrrpsr':

285 3772 438 3826 tuebantur
447 3773 503 3843 ipsi
512 3779 542 3827 Δ.
600 3780 632 3828 17
648 3773 833 3845 cupiditates]
849 3774 1077 3843 cupiditatesque
1087 3781 1115 3829 F.
1173 3781 1206 3830 18
1220 3773 1308 3846 regis]

270 3897 273 3902 .
285 3846 371 3914 reigis
382 3852 401 3897 L
411 3864 445 3899 m.
452 3864 498 3914 pr.
555 3846 660 3917 specie]
671 3845 794 3914 speciem
805 3853 829 3899 8.
886 3852 920 3899 25
934 3845 1046 3917 fuisset]
1062 3846 1182 3900 fuissent
1191 3853 1211 3898 L
1220 3864 1254 3901 m.
1263 3864 1307 3919 pr.

1094 3934 1153 3987 hb*
