3150 4459
417 452 672 508 maroumaun
690 452 906 507 1111111111
923 453 997 521 mu,
1018 459 1059 507 13.
1076 459 1117 529 11.
1212 452 1276 517 301.

256 640 316 680 oua
347 621 417 681 erat
446 616 486 681 ab
519 616 670 680 hostibus
702 618 787 700 ripa,
827 638 909 700 quae
941 615 1125 700 petebatur:
1159 616 1280 700 quippe

256 707 361 770 adhue
392 705 496 770 Porus
528 704 753 770 Ptolomaeum
787 709 915 769 tantum
947 705 1142 769 intuebatur.
1205 704 1280 769 Una
1320 759 1322 763 .

257 817 333 881 ergo
357 795 447 878 navi,
471 817 568 878 quam
591 798 701 878 petrae
724 794 842 859 fluctus
863 795 1026 879 inhaeret,
1056 793 1208 858 haerente
1232 816 1280 857 ce-

256 888 343 948 terae
365 884 512 968 evadunt,
536 906 689 968 armaque
708 905 821 967 capere
841 884 962 948 milites
982 886 1014 948 et
1032 884 1079 948 ire
1097 883 1133 947 in
1151 883 1280 948 ordines

229 973 395 1047 11111111]
1129 1027 1131 1031 ,

202 1071 238 1125 41
323 1062 457 1146 Iamque
475 1084 592 1149 agmen
610 1062 645 1125 iu
663 1082 784 1126 cornua
802 1062 942 1126 divisum
957 1062 1026 1145 ipse
1041 1061 1186 1145 ducebat,
1205 1081 1279 1125 cum
1293 1066 1358 1121 XIV

256 1152 342 1216 Poro
365 1153 536 1216 nuntiatur
558 1151 657 1216 armis
676 1152 820 1235 virisque
838 1152 942 1234 ripam
963 1151 1102 1215 obtineri
1121 1155 1154 1215 et
1171 1173 1280 1215 rerum
1311 1180 1313 1184 ¹

256 1242 366 1305 adesse
391 1242 570 1304 discrimen.
607 1239 657 1306 Ac
679 1241 785 1323 primo
808 1240 943 1304 humani
966 1241 1089 1326 ingenii
1112 1240 1192 1304 vitio
1212 1240 1282 1323 spei

257 1352 332 1394 suae
363 1330 535 1416 indulgens
558 1329 720 1395 Abisaren
749 1330 828 1395 belli
859 1330 983 1395 socium
1008 1333 1106 1394 —et
1136 1330 1182 1393 ita
1211 1350 1282 1393 cou-

215 1451 242 1490 10
256 1423 387 1483 venerat
420 1457 463 1464 —
496 1419 667 1482 adventare
701 1419 859 1483 credebat.
912 1418 990 1483 Mox
1013 1418 1187 1502 liquidiore
1210 1418 1281 1483 luce
1301 1438 1325 1483 a

256 1509 420 1592 aperiente
443 1509 545 1574 aciem
566 1506 709 1572 hostium
729 1524 749 1571 c
770 1503 943 1594 quadrigas
961 1512 994 1572 et
1012 1526 1066 1571 1111
1083 1506 1175 1571 milia
1194 1508 1281 1591 equi·

255 1601 325 1661 tum
350 1597 493 1662 venienti
511 1598 634 1683 agmini
653 1596 780 1661 obiecit.
820 1596 895 1661 Dux
914 1601 982 1662 erat
1001 1598 1178 1680 copiarum,
1202 1617 1282 1679 quas

255 1688 431 1770 praemisit,
446 1684 602 1769 Spitaces,
624 1687 726 1751 frater
744 1686 856 1769 ipsius,
879 1708 1004 1751 summa
1022 1686 1140 1751 virium
1159 1687 1193 1749 in
1212 1707 1281 1751 cur-

255 1775 358 1840 ribus:
392 1797 485 1839 senos
517 1776 605 1839 viros
638 1774 759 1860 singuli
792 1776 965 1857 vehebant,
1002 1776 1083 1839 duos
1117 1774 1317 1859 clipeatos,3

216 1895 241 1935 1⁶
256 1865 338 1927 duos
366 1864 553 1949 sagittarios
582 1863 621 1928 ab
645 1869 783 1948 utroque
806 1866 906 1928 latere
930 1864 1118 1948 dispositos,
1150 1865 1282 1949 aurigae

257 1958 348 2017 eraut
366 1954 464 2017 ceteri
483 1953 568 2017 haud
588 1974 664 2018 sane
682 1955 835 2018 inermes:
855 1954 977 2037 quippe
995 1953 1100 2017 iacula
1117 1953 1282 2036 conplura,
1324 1972 1327 2010 1

256 2042 312 2107 ubi
346 2044 527 2107 comminus
560 2043 784 2125 proeliandum
817 2048 899 2125 erat,
932 2042 1059 2107 omissis
1087 2041 1223 2106 habenis
1248 2043 1282 2106 in

255 2131 383 2195 hostem
421 2132 619 2215 ingerebant.
680 2130 830 2197 Ceterum
868 2133 923 2196 vix
955 2135 1042 2197 ullus
1075 2153 1153 2197 usus
1185 2131 1319 2197 huiusl

256 2220 370 2285 auxilii
394 2243 431 2284 eo
456 2220 507 2284 die
529 2222 601 2284 fuit.
645 2220 803 2305 Namque,
827 2225 863 2285 ut
887 2243 984 2304 supra
1007 2221 1128 2285 dictum
1149 2224 1206 2304 est,
1225 2221 1283 2283 im-

217 2341 243 2379 11
256 2310 315 2374 ber
347 2310 521 2373 violentius
554 2331 652 2392 quam
684 2311 764 2373 alias
796 2311 888 2375 fusus
921 2332 1053 2394 campos
1084 2309 1226 2374 lubricos
1251 2312 1283 2373 et

258 2398 487 2482 inequitabiles
510 2399 640 2482 fecerat,
663 2422 843 2485 gravesque
867 2403 899 2464 et
922 2398 1158 2485 propemodum
1182 2401 1283 2463 inmo-

256 2488 339 2552 biles
363 2510 475 2553 currus
499 2487 621 2552 inluvie
644 2510 682 2553 ac
705 2489 915 2574 voraginibus
939 2489 1123 2553 haerebant.
1163 2486 1283 2551 Contra
1302 2506 1318 2555 6

256 2576 440 2641 Alexander
470 2577 619 2661 expedito
650 2599 687 2641 ac
716 2577 781 2641 levi
813 2578 942 2663 agmine
974 2582 1103 2642 strenue
1136 2579 1282 2641 invectus

257 2672 314 2731 est.
362 2665 501 2750 Scythae
525 2670 557 2730 et
580 2666 693 2731 Dahae
714 2667 813 2751 primi
837 2667 982 2731 omnium
1005 2667 1151 2731 invasere
1170 2665 1282 2729 Indos:

217 2786 243 2825 11
257 2754 443 2819 Perdiccam
481 2755 595 2819 deinde
628 2778 700 2819 cum
735 2757 901 2839 equitibus
934 2757 967 2819 in
1001 2756 1149 2819 dextrum
1183 2776 1283 2819 cornu

257 2844 401 2909 hostium
426 2846 541 2910 emisit.
587 2843 656 2910 Iam
679 2845 823 2928 undique
845 2867 955 2930 pugna
978 2867 1012 2909 se
1031 2848 1185 2927 moverat,
1209 2865 1284 2908 cum
1303 2863 1318 2909 6

257 2934 290 3015 ii,
314 2935 369 3016 qui
394 2956 508 2997 currus
531 2934 679 3019 agebant,
703 2933 784 2999 illud
804 2935 954 2998 ultimum
974 2933 1131 2998 auxilium
1151 2954 1281 2996 suorum

297 3063 302 3065 .
342 3060 473 3068 .-...-

330 3133 345 3177 2
366 3127 465 3197 Porus]
484 3144 535 3180 om.
552 3133 572 3178 L
587 3146 620 3182 m.
631 3145 678 3196 pr.
760 3125 957 3180 Ptolomaeum
974 3128 1087 3195 serepsi:
1107 3124 1285 3179 Ptolomeum

259 3204 320 3263 BV,
334 3198 530 3265 ptholomeum
544 3202 623 3251 BLP.
675 3197 855 3269 3111111111]
871 3200 1002 3251 11111111
1053 3197 1284 3251 4111111111Αοὶ-

258 3271 364 3323 daliae:
384 3268 513 3322 ordinem
531 3274 562 3321 A.
619 3274 634 3321 7
653 3269 737 3340 Poro]
756 3285 847 3337 poron
865 3274 987 3337 rmpr.
1038 3268 1199 3339 nuntiatur]
1214 3286 1283 3321 nun-

259 3341 350 3393 ciatur
369 3346 396 3393 1².
481 3341 628 3412 81111111]
647 3356 708 3393 1111
727 3347 797 3394 rm.
811 3358 854 3409 pr.
910 3340 991 3411 vitio]
1011 3340 1087 3394 uicio
1106 3346 1174 3393 Lm.
1190 3358 1236 3409 pr.
1251 3345 1282 3391 V.

259 3412 444 3482 9Abisarcu]
459 3411 613 3464 Abissareu
628 3418 653 3464 1.
709 3412 830 3483 socium]
845 3411 950 3466 sotium
965 3416 993 3464 F.
1069 3417 1102 3466 10
1117 3411 1283 3482 adventare]

258 3484 386 3536 aduena*
401 3489 429 3537 1².
467 3483 754 3554 Mox]uox1’m.pr.
812 3490 844 3537 11
861 3482 951 3537 aciem
961 3484 1117 3537 Bentleiue:
1132 3483 1244 3536 hostem
1253 3487 1283 3534 A.

260 3560 292 3608 13
313 3554 442 3622 Spitaces
461 3556 653 3623 Anapuebius:
673 3555 762 3624 bages
781 3560 812 3609 A.
869 3560 903 3608 14
922 3554 1073 3625 clipeatos]
1092 3553 1238 3623 clypeatos
1256 3560 1284 3607 P.

259 3632 293 3679 15
312 3627 445 3697 utroque]
465 3629 586 3693 utraque
605 3633 633 3681 1².
696 3626 863 3698 dispositos]
883 3626 1036 3694 dispositus
1055 3630 1085 3680 1.
1142 3631 1175 3679 16
1191 3626 1284 3696 haud]

258 3698 315 3749 had
334 3704 403 3751 Pm.
415 3716 474 3766 pr,
498 3698 576 3751 haud
596 3714 647 3751 sau
666 3701 686 3748 B
706 3716 740 3751 m.
756 3715 802 3766 pr.
912 3698 1047 3768 inermes]
1067 3697 1208 3751 inhermes
1228 3703 1283 3749 PV.

259 3768 820 3840 2481]11111]1111]111111,1111111111.
872 3768 983 3839 Dahae]
998 3769 1071 3822 daae
1085 3773 1114 3821 B.
1171 3774 1204 3822 25
1220 3768 1283 3821 Per-

259 3841 380 3912 diccam]
399 3841 546 3909 perdicam
564 3847 592 3893 P.
666 3846 700 3893 27
720 3839 742 3892 ii
760 3846 787 3894 1:
807 3840 838 3893 hi
857 3846 887 3893 Δ.
