3150 4459
345 464 409 519 VIII
740 464 947 518 PRAEFATIO

345 635 514 694 recedentes
533 655 596 693 rem
615 653 682 693 cum
700 634 837 693 ParIsino
856 634 984 708 faciunt,
1012 634 1272 709 Darmstadiense,
1298 636 1365 693 Ein-

346 724 483 802 sidlense,
502 724 776 799 Herbipolitanum,
796 724 881 783 cuius
897 724 1097 782 conlationem
1112 726 1366 784 accuratissimam

346 813 573 873 liberalissimae
596 813 779 871 humanitati
804 813 935 871 Thomas
960 813 1107 891 Stangelii
1130 813 1230 873 debeo.
1274 815 1367 890 Atqui

345 905 378 960 in
397 903 498 961 eodem
518 922 624 981 genere
648 903 785 978 ponenda
810 920 872 962 esse
891 902 952 960 tria
975 903 1049 961 folia
1072 902 1181 962 codicis
1203 923 1283 961 nunc
1303 904 1366 962 sub·

345 994 424 1068 rapti
434 993 547 1051 saeculi
557 991 672 1066 decimi,
683 1011 759 1067 quae
768 991 964 1051 Vindobonae
979 994 1010 1049 in
1025 991 1207 1051 bibliotheca
1224 991 1368 1051 Caesarea

201 1156 205 1166 Ι
314 1136 316 1139 ,
346 1082 555 1156 adservantur,
582 1082 657 1139 mihi
684 1082 832 1157 persuasi,
865 1082 944 1157 quod
977 1081 1220 1141 adnotationibus
1255 1086 1367 1139 carent:

347 1172 501 1229 continent
515 1175 616 1230 autem
632 1169 717 1229 Curti
735 1170 826 1230 verba
841 1174 980 1244 extrema,
1000 1189 1076 1246 quae
1091 1173 1215 1229 nuncin
1230 1172 1366 1230 Parisino

345 1261 468 1334 desunt,
491 1264 525 1319 ut
547 1262 608 1318 iam
627 1261 659 1317 in
678 1260 736 1318 fine
756 1279 873 1336 quoque
897 1259 1090 1319 historiarum
1109 1260 1232 1319 alterius
1253 1261 1367 1338 generis

345 1350 508 1408 habeamus
530 1353 646 1409 testem.
685 1349 821 1425 Denique
840 1353 977 1425 excerpta
996 1349 1144 1425 quaedam
1166 1351 1279 1409 sacculi
1298 1352 1368 1409 noni

348 1439 420 1497 olim
437 1442 470 1497 in
493 1439 634 1498 coenobio
653 1439 889 1517 RhenaugIensi,
912 1458 990 1497 nunc
1014 1438 1115 1497 Turici
1137 1439 1168 1496 in
1188 1439 1368 1498 bibliotheca

347 1529 468 1603 publica
488 1528 646 1587 adservata
665 1547 759 1603 paene
782 1530 895 1588 invitus
920 1528 1057 1588 adhibui:
1081 1547 1151 1586 nam
1175 1530 1213 1586 ad
1232 1529 1366 1586 emenda·

347 1620 460 1676 tionem
475 1619 551 1676 nihil
566 1619 627 1677 fere
642 1618 790 1694 adferunt,
806 1618 857 1677 sed
868 1618 1092 1676 adnotationem
1103 1617 1236 1676 criticam
1247 1622 1368 1694 propter

348 1726 461 1767 errores
475 1708 620 1784 plurimos
634 1706 721 1766 valde
736 1706 870 1766 onerant.
893 1708 968 1766 Mire
983 1710 1084 1765 autem
1100 1708 1137 1766 ab
1153 1708 1248 1765 altero
1264 1726 1367 1785 genere

350 1796 388 1854 ad
408 1797 536 1855 altorum
554 1800 712 1856 transeunt
735 1800 826 1871 atque
846 1799 937 1856 etiam
955 1797 1096 1855 lectiones
1116 1796 1269 1871 exhibent,
1293 1816 1367 1872 quae

348 1886 610 1961 interpolatIonem
635 1887 764 1961 sapiunt.
801 1887 943 1961 Reliquos
967 1904 1036 1944 voro
1061 1885 1188 1961 codices,
1217 1904 1291 1961 quos
1317 1906 1368 1961 per

349 1976 459 2033 multos
475 1994 568 2034 annos
577 1976 723 2051 plurimos
733 1977 911 2050 examinavi,
924 1994 1026 2033 rursus
1035 1976 1124 2050 plane
1138 1974 1265 2053 neglexi,
1279 1976 1367 2050 quod,

349 2069 383 2122 ut
402 2083 492 2140 supra
511 2065 586 2140 dixi,
610 2064 698 2123 certis
717 2065 958 2140 interpolationis
978 2064 1097 2123 indiciis
1115 2066 1269 2139 inquinati
1291 2069 1367 2137 sunt,

348 2158 384 2211 ut
402 2155 467 2212 erui
487 2173 547 2211 non
565 2155 675 2230 possit,
698 2157 804 2212 utrum
822 2155 927 2213 melior
945 2154 1033 2213 lectio
1056 2153 1281 2228 interpolatoris
1301 2173 1367 2212 acu-

348 2243 422 2301 mini
442 2263 480 2301 an
500 2244 609 2302 codicis
627 2243 697 2301 fidei
715 2243 867 2302 debeatur.

417 2332 502 2401 Quod
516 2336 617 2391 tamen
635 2333 709 2391 haec
723 2332 816 2391 editio
836 2352 854 2390 a
872 2334 971 2409 priore
985 2333 1114 2391 multum
1133 2332 1281 2407 dissentit,
1300 2333 1367 2390 inde

348 2424 476 2481 maxime
490 2423 604 2480 factum
618 2425 671 2498 est,
687 2422 766 2497 quod
781 2441 859 2481 anno
875 2439 1076 2497 uuooonxvn,
1091 2440 1158 2480 cum
1171 2424 1232 2479 tres
1248 2424 1366 2481 omnino

349 2511 473 2587 codices,
482 2510 666 2585 Leidensem,
674 2511 1047 2588 Parisinum,Vossianum,
1056 2511 1256 2585 contulissem,
1266 2512 1367 2570 multis

348 2601 421 2660 locis
441 2601 476 2659 de
496 2601 606 2660 codicis
630 2601 784 2677 archetypi
812 2601 938 2661 lectione
962 2600 1069 2659 dubius
1092 2600 1265 2674 haerebam,
1290 2619 1367 2658 nunc

349 2691 480 2766 quinque
499 2690 560 2748 illis
579 2690 729 2750 codicibus
750 2693 887 2749 accurate
910 2689 1048 2766 perlectis
1071 2690 1108 2748 de
1126 2688 1288 2765 archetypo
1309 2709 1366 2748 cer-

347 2780 407 2839 tius
427 2779 560 2838 iudicare
579 2798 709 2854 possum.
746 2780 815 2838 Huc
835 2779 961 2854 accedit,
985 2780 1078 2855 quod,
1102 2798 1162 2855 quo
1182 2798 1216 2836 ex
1235 2781 1367 2855 tempore

347 2871 439 2928 trium
458 2869 592 2928 codicum
615 2870 757 2928 lectiones
777 2869 890 2945 publici
908 2869 982 2927 iuris
1005 2868 1077 2941 feci,
1101 2869 1189 2926 multi
1212 2870 1270 2927 viri
1290 2869 1368 2927 docti

277 2970 305 3009 .“
348 2959 447 3018 studia
471 2978 526 3017 sua
549 2961 582 3016 in
607 2957 692 3017 Curti
715 2958 814 3017 verbis
839 2959 888 3017 vel
907 2958 1089 3034 corrigendis
1113 2958 1160 3017 vel
1186 2957 1367 3033 explicandis

347 3068 406 3106 non
426 3048 488 3106 sine
508 3067 617 3125 magno
637 3049 736 3105 fructu
756 3048 994 3107 conlocaverunt.
1032 3047 1108 3104 Tum
1130 3065 1207 3105 nunc
1227 3046 1368 3105 Richardi

347 3138 466 3196 Bentlei
484 3138 669 3196 nobilissimo
689 3138 851 3212 exemplari
873 3136 957 3195 Curti
982 3155 1000 3194 a
1019 3135 1152 3194 Gilberto
1171 3135 1367 3194 Wakefieldio

348 3228 499 3302 quondam
519 3227 653 3286 adhibito
673 3227 718 3284 uti
737 3228 837 3301 potui,
861 3228 893 3284 in
914 3245 972 3301 quo
991 3225 1043 3285 ille
1066 3224 1235 3284 conlatione
1259 3226 1368 3283 codicis

347 3316 476 3375 Parisini
500 3316 537 3374 ab
563 3317 674 3375 Ioanne
693 3315 836 3374 Walkero
861 3316 995 3374 confecta
1021 3314 1140 3373 adiutus
1166 3315 1269 3372 multis
1295 3315 1368 3372 locis

347 3408 409 3464 sive
428 3404 519 3464 verba
534 3404 618 3463 Curti
632 3406 740 3465 melius
756 3405 913 3464 constituit
927 3406 990 3464 sive
1005 3422 1118 3463 errores
1132 3404 1269 3462 lectionis
1289 3404 1368 3460 dete-

346 3497 404 3553 xit:
422 3514 493 3552 nam
512 3495 630 3553 Bentlei
649 3494 823 3572 sagacitati,
842 3495 868 3552 si
887 3496 1037 3553 scaenicos
1062 3492 1241 3551 Graecorum
1264 3497 1368 3567 poetas

284 3643 287 3649 ,
347 3584 470 3659 excipis,
497 3586 548 3643 vix
572 3585 604 3641 in
630 3585 690 3641 alio
715 3585 860 3659 scriptore
887 3583 1055 3642 emendatio
1081 3582 1188 3641 melius
1214 3585 1368 3657 processit,

346 3674 445 3750 Atque
465 3674 527 3747 ipse
552 3675 583 3731 in
604 3673 688 3732 Curti
712 3674 810 3733 verbis
834 3676 1004 3732 coniectura
1030 3671 1170 3731 sanandis
1196 3692 1258 3730 rem
1278 3672 1368 3746 paulo

346 3764 487 3822 audacius
503 3763 649 3840 agendam
665 3781 727 3822 esse
742 3766 852 3836 censui,
872 3763 950 3838 quod
966 3764 1088 3837 proptor
1101 3760 1233 3835 plurima
1248 3760 1369 3818 nomina

345 3853 508 3926 hominum,
530 3854 674 3929 gentium,
695 3851 837 3927 locorum,
855 3851 1021 3925 fluminum,
1042 3850 1208 3925 beluarum,
1229 3851 1366 3925 stirpium
