3150 4459
433 443 684 497 HISTORIARUM
703 443 917 497 ALEXANDRI
935 443 994 510 1111,
1015 449 1055 497 12.
1074 449 1114 497 13.
1243 444 1283 507 87

261 608 433 692 inproviso
460 608 604 692 periculo
633 608 763 672 territos
792 608 920 691 quando
951 609 986 671 in
1008 611 1167 673 nocturna
1190 608 1285 692 trepi-

263 698 398 784 datione
439 698 604 761 coituros?
668 695 713 761 At
759 698 900 761 interdiu
941 698 1082 781 primurn
1124 697 1320 761 terribileso

265 809 457 852 occursuras
487 786 585 851 facies
616 785 811 870 Scytharum
842 787 1168 869 Bactrianorumque:
1200 786 1286 850 hirta

264 877 334 941 illis
366 897 422 940 ora
443 879 484 940 ‘et
514 877 659 941 intonsas
690 898 798 941 comas
829 898 906 959 esse,
939 879 1103 960 praeterea
1134 876 1286 940 eximiam

234 994 248 1033 5
266 968 434 1031 vastorum
452 965 709 1051 magnitudinem
729 988 911 1049 corporum.
957 964 1059 1029 Vanis
1083 969 1115 1028 et
1134 964 1286 1029 inanibus

266 1056 406 1119 militem
435 1056 538 1139 magis
567 1077 663 1138 quam
691 1055 786 1120 iustis
814 1054 997 1119 formidinis
1028 1054 1131 1119 causis
1155 1055 1286 1119 moveri.

265 1144 393 1209 Deinde
421 1148 544 1209 tantam
572 1143 815 1210 multitudinem
839 1144 1052 1208 circumfundi
1080 1144 1321 1228 paucioribuse

265 1256 375 1318 posse,
397 1255 467 1299 oum
490 1255 555 1297 non
577 1234 612 1297 in
632 1232 762 1298 Ciliciae
781 1234 940 1319 angustiis
965 1238 996 1299 et
1019 1234 1116 1298 inviis
1141 1233 1287 1317 callibus,
1326 1249 1329 1260 ¹

267 1324 325 1389 sed
363 1324 398 1389 in
430 1326 540 1407 aperta
577 1327 609 1386 et
640 1323 707 1387 lata
739 1323 876 1408 planitie
909 1323 1107 1389 dimicarent.
1168 1321 1322 1388 Omnes?

223 1442 253 1481 ιο
267 1415 370 1479 ferme
406 1412 611 1477 Parmenioni
647 1413 922 1478 adsentiebantur:
963 1412 1165 1496 Polypercon
1200 1412 1288 1475 haud

269 1504 367 1567 dubie
396 1503 432 1566 in
461 1523 498 1567 eo
529 1502 664 1567 consilio
696 1502 837 1585 positam
865 1502 1034 1566 victoriam
1062 1502 1287 1566 arbitrabatur.

269 1593 373 1669 Quem
409 1593 537 1656 intuens
571 1615 627 1656 rex
665 1630 701 1637 -
739 1614 879 1676 namque
908 1591 1155 1656 Parmenionem
1185 1610 1323 1674 nupera

268 1682 388 1766 acrius,
417 1704 513 1766 quam
541 1680 652 1762 vellet,
682 1682 876 1766 increpitum
903 1702 1014 1746 rursus
1039 1682 1195 1766 castigare
1222 1702 1288 1745 non

269 1771 451 1836 sustinebat
474 1794 530 1834 ——:
556 1770 860 1854 ‘hatrunculorum’‚
884 1772 999 1855 inquit,
1028 1772 1072 1835 ‘et
1094 1772 1203 1835 furum
1227 1771 1290 1833 ista

232 1889 255 1927 u
269 1861 416 1926 sollertia
446 1864 507 1942 est,
538 1883 634 1944 quam
664 1861 851 1945 praecipitis
882 1859 976 1925 mihi:
1008 1861 1127 1943 quippe
1157 1858 1288 1924 illorum

268 1955 384 2015 votum
407 1950 540 2016 unicum
564 1954 612 2014 est
635 1950 753 2014 fallere.
800 1950 890 2014 Meae
918 1972 993 2013 vero
1018 1949 1140 2034 gloriae
1164 1970 1290 2032 semper
1309 1968 1324 2014 9

268 2043 326 2105 aut
345 2039 526 2103 absentiam
544 2038 642 2103 Darei
661 2043 718 2103 aut
735 2040 903 2124 angustias
921 2040 1067 2103 locorum
1091 2043 1147 2103 aut
1165 2037 1289 2101 furtum

268 2129 375 2195 noctis
394 2130 522 2193 obstare
544 2152 611 2193 non
634 2131 746 2213 patiar.
794 2128 912 2193 Palam,
924 2131 995 2192 luce
1015 2128 1147 2212 adgredi
1166 2132 1289 2192 certum

270 2224 332 2285 est:
359 2218 443 2282 malo
467 2239 516 2283 me
538 2241 628 2283 meae
650 2220 800 2283 fortunae
818 2218 991 2303 paeniteat,
1015 2240 1111 2301 qnam
1135 2217 1290 2281 victoriae

232 2336 255 2376 rc
268 2310 400 2394 pudeat.
446 2307 498 2372 Ad
521 2308 601 2371 haec
623 2308 705 2372 illud
729 2330 859 2391 quoque
883 2307 1019 2374 accedit:
1042 2307 1171 2392 vigilias
1196 2329 1289 2391 agere
1311 2324 1343 2372 10

224 2475 227 2481 ,
267 2398 424 2463 barbaros
449 2397 540 2460 etin
563 2398 662 2461 armis
686 2401 784 2482 stare,
812 2402 912 2461 utne
937 2397 1042 2480 decipi
1066 2395 1194 2480 quidem
1219 2419 1291 2480 pos-

269 2490 346 2571 sint,
362 2490 552 2570 eonpertum
567 2486 681 2551 habeo.
726 2484 841 2571 ltaque
856 2486 895 2550 ad
910 2485 1069 2570 proelium
1085 2508 1143 2549 vos
1157 2486 1290 2569 parate'.

269 2577 326 2643 Sic
349 2577 500 2642 incitatos
525 2576 564 2639 ad
588 2597 725 2660 corpora
748 2576 889 2640 curanda
913 2576 1044 2640 dimisit.

219 2673 253 2729 le
339 2666 464 2730 Dareus
487 2666 529 2748 id,
558 2667 644 2748 quod
666 2665 839 2730 Parmenio
863 2669 1016 2748 suaserat,
1039 2664 1165 2729 hostem
1190 2663 1291 2731 factu·
1312 2681 1343 2729 11

229 2784 254 2825 rs
269 2779 345 2821 rum
369 2777 438 2819 esse
461 2754 644 2821 coniectans
668 2755 812 2820 frenatos
844 2778 943 2840 equos
967 2759 1052 2820 stare
1075 2775 1291 2839 magnamque

268 2844 431 2911 exercitus
459 2848 584 2928 partem
613 2846 646 2908 in
676 2845 773 2909 armis
802 2866 871 2910 esse
902 2866 938 2908 ao
960 2843 1090 2929 vigilias
1119 2843 1292 2907 intentiore

270 2958 350 3001 cura
380 2936 499 2999 servari
529 2934 680 2998 iusserat:
716 2956 793 3019 ergo
825 2933 955 3019 ignibus
990 2937 1058 2997 tota
1089 2934 1156 2997 eius
1188 2935 1292 2996 castra

269 3025 451 3110 fulgebant.
501 3021 577 3107 Ipse
608 3046 681 3087 cum
713 3024 848 3090 ducibus
878 3023 1133 3107 propinquisque
1163 3022 1292 3107 agmina
1313 3040 1344 3086 12

271 3117 306 3179 in
335 3115 433 3179 armis
461 3112 617 3177 stantium
646 3112 845 3196 circumibat,
873 3111 981 3177 Solem
1009 3116 1041 3177 et
1063 3110 1216 3176 Mithrem
1245 3133 1292 3173 sa-

228 3225 428 3286 socrumque
452 3207 483 3266 et
506 3206 672 3267 aeternum
692 3202 846 3268 invocans
870 3202 988 3287 ignem,
1012 3205 1049 3264 ut
1072 3200 1138 3263 illis
1163 3200 1290 3284 dignam

272 3315 458 3323 ...ρ’--

344 3344 429 3415 2At]
449 3344 507 3397 Aut
520 3349 548 3395 F.
636 3342 841 3411 3Scytharum
855 3348 882 3395 1:
903 3344 1045 3410 scytamm
1059 3345 1090 3394 Δ.
1177 3340 1252 3393 hirta
1266 3346 1293 3393 1:

270 3417 357 3487 hyrta
367 3421 397 3469 A.
454 3420 554 3470 Saum
568 3416 794 3469 addBentleius.
848 3419 880 3466 10
894 3413 1080 3483 Polypercon]
1091 3411 1255 3481 polipercon
1267 3419 1292 3464 0.

272 3496 306 3542 13
326 3505 383 3541 non
401 3504 452 3543 om.
467 3493 486 3539 L
501 3505 535 3540 m.
546 3504 592 3555 pr.
654 3491 686 3539 15
706 3485 832 3539 sollertia
851 3492 875 3538 1:
896 3483 1010 3539 solertia
1030 3491 1056 3550 c,
1075 3483 1193 3538 solercia
1211 3489 1238 3536 Ρ.

270 3558 449 3631 praecipitis]
467 3558 584 3627 praeitis
602 3563 670 3611 Pm.
681 3575 727 3626 pr.
789 3564 821 3610 17
842 3560 892 3611 aut
910 3556 1079 3626 absentiam]
1099 3555 1175 3608 haud
1195 3555 1294 3607 absen-

270 3634 343 3687 tiam
357 3637 378 3683 1²
391 3649 426 3685 m.
437 3647 482 3698 pr.
539 3632 588 3683 aut
602 3628 759 3699 angustias]
775 3629 852 3682 haud
867 3628 1012 3697 angustias
1025 3633 1088 3680 Pm.
1099 3645 1144 3695 pr,
1202 3631 1234 3678 19
1254 3643 1294 3679 me

271 3720 352 3759 meae
366 3709 393 3756 1:
412 3717 493 3755 meae
507 3707 537 3755 A.
594 3706 627 3754 25
645 3701 743 3771 equos]
758 3716 830 3769 equo
844 3707 872 3753 Ρ.
929 3705 962 3751 ‘29
983 3698 1161 3768 circumibat]
1177 3698 1293 3752 circum-

271 3776 354 3831 hibat
372 3780 403 3828 V.
495 3773 599 3843 Solem]
619 3772 708 3826 solam
727 3778 794 3825 Pin.
806 3790 851 3840 pr.
943 3770 1087 3841 Mithrem]
1106 3770 1244 3838 mythrem
1265 3773 1293 3821 P.

271 3855 307 3904 ³0
326 3845 485 3916 aeternum]
504 3847 680 3899 aeternorum
699 3850 767 3898 rm.
778 3860 824 3913 pr.
