3150 4459
323 451 389 515 100
703 451 734 516 Q.
754 451 862 505 CURTI
882 448 968 506 abui

321 617 430 699 ipsum
450 617 561 681 sedens
581 637 681 700 equos
700 616 842 700 regebat,
865 616 957 680 hasta
976 616 1149 681 transfixus
1173 621 1232 682 est.
1281 616 1351 683 Nee

322 709 378 769 aut
405 703 520 769 Persae
549 710 605 769 aut
631 704 826 769 Macedones
853 705 1053 787 dubitavere,
1084 707 1164 788 quin
1192 707 1265 790 ipse
1294 729 1350 771 rex

263 810 301 858 ‘29
322 798 406 860 esset
429 796 563 859 occisus.
609 794 699 880 Ergo
722 794 855 879 lugubri
877 796 1004 859 ululatu
1037 797 1069 857 et
1092 794 1269 860 incondito·
1288 798 1349 861 cla·
1377 863 1381 874 ,

320 905 410 948 more
433 884 622 968 gemituque
646 889 748 948 totam
772 884 840 947 fere
864 884 966 947 aciem
990 883 1095 948 adhuc
1118 906 1222 968 aequo
1242 884 1348 950 Marte

320 973 537 1059 pugnantium
556 974 725 1037 turbavere
746 973 877 1058 cognati
892 972 990 1037 Darei
1009 977 1042 1037 et
1060 974 1221 1059 armigeri.
1270 974 1348 1040 Lac-
1373 997 1384 1035 5

319 1084 460 1145 vumque
490 1084 590 1127 cornu
618 1064 652 1126 in
679 1063 791 1148 fugam
821 1062 958 1126 effusum
988 1063 1177 1126 destituerat
1206 1084 1348 1148 currum,

320 1173 417 1234 quam
442 1174 460 1215 a
483 1152 595 1215 dextra
613 1155 706 1236 parte
730 1152 842 1235 stipati
865 1152 901 1214 in
919 1151 1061 1214 medium
1081 1173 1198 1238 agmen
1220 1173 1349 1238 recepe-

265 1257 301 1305 30
318 1244 404 1304 runt.
457 1239 586 1305 Dicitur
618 1242 746 1305 acinace
780 1240 894 1304 stricto
927 1240 1051 1304 Dareus
1089 1240 1270 1324 dubitasse,
1309 1265 1349 1307 an

319 1325 416 1415 fugae
435 1329 572 1394 dedecus
587 1330 723 1395 honesta
741 1334 846 1395 morte
865 1330 995 1394 vitaret:
1016 1330 1071 1393 sed
1086 1329 1229 1394 eminens
1250 1353 1348 1397 curru

318 1418 463 1483 nondum
488 1441 617 1483 omnem
637 1429 770 1483 su'orum
795 1420 896 1483 aciem
916 1418 1041 1502 proelio
1061 1418 1273 1485 excedentem
1297 1421 1348 1485 de
1363 1444 1386 1482 ιο

265 1524 298 1571 31
320 1508 452 1571 stituere
472 1508 689 1591 erubescebat,
714 1508 854 1591 dumque
879 1509 963 1573 inter
986 1528 1076 1591 spem
1100 1511 1133 1572 et
1151 1507 1347 1592 desperatio·

319 1618 392 1660 nem
424 1597 575 1680 haesitat,
613 1598 732 1662 sensim
764 1597 880 1663 Persae
911 1596 1068 1663 cedebant
1098 1600 1130 1661 et
1158 1598 1350 1664 laxaverant

273 1685 275 1690 ’
321 1686 456 1750 ordines.
512 1684 696 1750 Alexander
733 1690 858 1751 mutato
892 1708 975 1769 equo
1007 1724 1050 1731 —
1081 1686 1202 1770 quippe
1236 1689 1348 1770 plures

319 1775 513 1860 fatigaverat
526 1813 571 1821 —
584 1776 803 1840 resistentium
825 1776 958 1841 adversa
977 1797 1033 1839 ora
1046 1775 1201 1859 fodiebat,
1219 1776 1349 1863 fugien-

266 1880 300 1929 sa
320 1865 402 1927 tium
424 1868 523 1949 terga.
570 1864 703 1948 Iamque
726 1886 792 1929 non
816 1887 935 1951 pugna,
960 1864 1015 1928 sed
1035 1864 1145 1931 caedes
1169 1868 1247 1944 erat,
1274 1886 1347 1930 cum
1362 1886 1384 1928 a

320 1952 444 2017 Dareus
463 1975 593 2037 quoque
613 1976 743 2018 currum
767 1977 862 2018 suum
886 1956 920 2018 in
943 1954 1055 2040 fugam
1074 1954 1179 2018 vertit.
1226 1952 1348 2020 Haere

319 2043 376 2106 bat
399 2044 434 2105 in
457 2044 557 2129 tergis
576 2043 772 2129 fugientium
797 2043 990 2128 victor,sed
1007 2046 1217 2127 prospectum
1237 2046 1347 2110 oculo-

319 2154 391 2195 rum
419 2132 521 2195 nubes
544 2133 702 2216 pulveris,
731 2155 813 2216 quae
842 2133 882 2196 ad
911 2133 1034 2197 caelum
1059 2132 1266 2216 efferebatur,
1295 2134 1346 2197 ab·

265 2222 466 2287 sustulerat:
496 2243 572 2307 ergo
600 2221 687 2286 haud
716 2243 807 2285 secus
837 2244 934 2305 quam
962 2222 997 2285 in
1025 2220 1166 2286 tenebris
1196 2221 1347 2287 errabant

319 2310 360 2373 ad
388 2331 505 2374 sonum
532 2316 628 2375 notae
656 2312 744 2375 vocis
774 2315 830 2374 aut
859 2310 988 2396 signum
1018 2309 1153 2375 subinde
1182 2317 1344 2377 coeuntes.
1358 2334 1380 2373 so

317 2398 544 2465 Exaudiebant
572 2404 679 2463 tamen
704 2402 859 2483 strepitus
883 2400 1096 2482 habenarum,
1124 2400 1244 2482 quibus
1269 2401 1343 2485 equi

319 2510 447 2553 currum
478 2489 631 2554 vehentes
663 2489 839 2553 identidem
869 2489 1133 2553 verberabantur:
1163 2487 1245 2553 haec
1276 2492 1344 2555 sola

319 2577 475 2663 fugientis
498 2579 637 2665 vestigia
660 2583 795 2662 excepta
819 2582 902 2642 sunt.

243 2672 310 2729 XVI
391 2665 436 2731 At
459 2668 493 2730 in
516 2669 607 2733 laevo
628 2668 840 2732 Macedonum
865 2688 965 2731 cornu
992 2703 1029 2712 —
1055 2665 1236 2749 Parmenio,
1262 2669 1386 2733 sicutte

320 2761 394 2820 ante
418 2762 463 2821 est
481 2757 613 2841 dictum,
638 2757 788 2821 tuebatur
813 2794 855 2802 -
878 2758 976 2842 longe
995 2757 1058 2820 alia
1076 2756 1207 2820 fortuna
1225 2757 1342 2822 utrius·
1355 2779 1376 2818 as

320 2867 382 2928 que
402 2847 505 2930 partis
527 2869 578 2910 res
598 2846 778 2932 gerebatur.
826 2844 975 2909 Mazaeus
1000 2867 1073 2909 cum
1097 2846 1187 2909 omni
1210 2868 1342 2911 suorum

320 2936 468 3017 equitatu
505 2936 712 2999 vehementer
750 2935 896 2999 invectus
934 2934 1094 3020 urguebat
1129 2933 1341 3000 Macedonum

391 3205 406 3252 2
426 3202 476 3252 aut
493 3198 673 3269 Macedones]
694 3202 744 3253 aut
766 3217 817 3267 per
838 3199 1005 3255 Macedones
1025 3204 1053 3251 P.
1150 3202 1165 3249 3
1185 3196 1342 3269 incondito]

318 3270 453 3325 ncondito
468 3277 488 3323 P
502 3289 537 3326 m.
546 3287 593 3339 pr.
658 3270 821 3342 ccoguati]
841 3269 948 3339 cogniti
962 3276 982 3322 P
996 3288 1030 3323 m.
1040 3288 1087 3340 pr.
1151 3268 1342 3341 Laevumque]

318 3341 456 3411 laeuoque
475 3349 495 3395 P
512 3361 547 3396 m.
557 3360 604 3411 pr.
700 3348 822 3395 dcornu
840 3358 892 3395 om.
911 3347 939 3394 Β.
1031 3339 1162 3413 effusum]
1187 3339 1344 3396 effimamP

318 3430 353 3465 m.
364 3430 409 3480 pr.
501 3413 680 3484 destituerat]
704 3413 892 3466 destituerunt
913 3419 980 3465 Pur.
992 3429 1038 3481 pr.
1130 3418 1145 3465 7
1165 3413 1343 3484 receperunt]

317 3488 503 3552 recooperunt
521 3492 576 3539 Pv.
669 3490 702 3538 13
721 3500 793 3553 eque
812 3491 838 3537 1:
859 3502 914 3552 quo
934 3489 964 3536 Δ.
1053 3489 1086 3536 14
1105 3482 1246 3555 fodiebat]
1266 3484 1344 3539 fode-

317 3553 369 3608 bat
387 3561 455 3608 Pm.
466 3573 512 3625 pr.
587 3562 619 3609 16
639 3573 721 3610 suum
752 3573 814 3609 sum
833 3561 901 3611 Lm.
912 3574 958 3625 pr.
1034 3560 1066 3608 18
1086 3554 1208 3626 caelum]
1228 3557 1344 3611 caedem

318 3631 387 3680 Pia.
399 3644 444 3694 pr.
519 3627 687 3682 efferebatur
736 3629 853 3682 annus:
880 3627 1054 3681 referebatur
1072 3631 1103 3680 A.
1177 3631 1212 3680 20
1231 3628 1343 3700 sonum]

318 3713 454 3751 seersum
467 3704 496 3751 P.
580 3699 676 3770 notae]
695 3701 779 3754 nocte
792 3704 823 3751 V.
907 3699 967 3770 aut]
987 3698 1058 3752 haut
1071 3704 1102 3764 V,
1121 3698 1199 3752 haud
1218 3704 1287 3753 Pm.
1297 3711 1343 3769 pr.

319 3769 422 3840 Μὴ]
442 3771 528 3823 adv.
622 3771 782 3841 Parmenio]
806 3770 970 3838 parmoenio
993 3776 1021 3822 P.
1115 3775 1149 3823 25
1173 3776 1212 3824 est
1235 3770 1344 3824 dictum

309 3841 428 3908 seriari:
454 3841 562 3896 dictum
582 3847 612 3896 A.
687 3848 720 3895 26
739 3842 871 3895 Mazaeus
890 3843 994 3896 Aldus:
1014 3856 1126 3895 mazeus
1146 3846 1176 3893 Δ.
