3150 4459
306 432 325 495 8
680 429 710 493 Q.
730 427 840 483 GURTI
857 426 945 480 RUFI

253 612 284 661 1⁶2
305 594 429 677 dixero,
458 593 536 657 alias
564 592 761 677 nequiquam
789 591 975 657 confitebor.
1021 590 1085 656 Hic
1114 591 1202 655 tanti
1230 614 1317 676 appa-

304 688 393 748 ratus
423 683 595 764 exercitus,
624 681 703 747 haec
730 686 781 746 tot
809 681 954 767 gentium
988 683 1020 743 et
1050 680 1151 745 totius
1182 678 1317 746 Orientis

305 773 411 839 excita
439 772 568 837 sedibus
597 772 664 854 suis
692 772 793 836 moles
820 769 967 835 finitimis
994 774 1102 853 potest
1134 792 1205 834 esse
1234 770 1317 834 terri-

306 862 394 927 bilis:
417 862 499 926 nitet
518 881 663 946 purpura
681 882 833 944 auroque,
856 859 961 945 fulget
979 861 1077 923 annis
1096 862 1129 924 et
1148 858 1319 942 opulentia,

306 954 473 1037 quantam,
502 951 558 1035 qui
587 948 689 1015 oculis
717 971 784 1014 non
807 949 983 1033 subiecere,
1013 948 1129 1013 animis
1154 949 1319 1033 concipere

253 1057 286 1106 13
305 1062 372 1105 non
394 1043 539 1124 possunt.
564 1037 626 1104 Sed
648 1038 861 1104 Macedonum
885 1038 978 1122 acies,
1004 1041 1097 1103 torva
1120 1060 1199 1103 sane
1224 1042 1256 1102 et
1278 1039 1319 1103 in-

306 1130 406 1213 culta,
437 1128 548 1213 clipeis
575 1128 742 1212 hastisque
765 1127 948 1193 immobiles
977 1148 1093 1191 cuneos
1122 1131 1155 1192 et
1178 1128 1320 1192 conferta

304 1220 423 1284 robora
440 1220 585 1283 virorum
603 1217 693 1304 tegit.
730 1215 798 1301 Ipsi
817 1216 1009 1303 phalangem
1031 1220 1156 1301 vocant,
1175 1217 1319 1300 peditum

306 1308 422 1373 stabile
455 1329 583 1393 agmen:
616 1307 666 1372 vir
697 1307 778 1389 viro,
810 1308 906 1372 armis
940 1329 1027 1371 arma
1059 1310 1208 1372 conserta
1241 1310 1320 1371 sunt.

306 1397 358 1463 Ad
376 1402 492 1463 nutum
506 1396 667 1462 monentis
686 1395 804 1460 intenti
818 1396 909 1479 sequi
928 1397 1029 1481 signa,
1049 1395 1176 1461 ordines
1197 1418 1320 1461 servare

253 1504 286 1553 14
307 1488 499 1552 didicerunt:
528 1486 614 1570 quod
643 1486 834 1571 imperatur,
864 1506 976 1551 omnes
1000 1485 1184 1550 exaudiunt.
1233 1484 1321 1550 Obsi-

307 1580 405 1659 stere,
428 1575 610 1657 circumire,
633 1574 810 1641 discurrere
834 1575 868 1639 in
891 1596 1004 1658 cornu,
1032 1578 1157 1639 mutere
1180 1597 1321 1661 pugnem

254 1683 286 1731 1s
305 1688 373 1731 non
401 1666 495 1730 duces
524 1664 628 1751 magis
657 1687 753 1748 quam
781 1664 901 1730 milites
930 1664 1055 1729 callent.
1108 1661 1158 1730 Ac
1184 1686 1227 1728 ne
1255 1665 1323 1729 auri

305 1756 494 1841 argentique
525 1754 631 1819 studio
662 1753 764 1818 teneri
794 1756 903 1838 putes,
933 1753 1037 1817 adhuc
1066 1752 1123 1818 illa
1153 1753 1323 1838 disciplina

305 1847 494 1928 paupertate
517 1844 672 1929 magistra
695 1843 799 1907 stetit:
826 1842 972 1929 fatigatis
994 1842 1112 1908 humus
1137 1842 1244 1908 cubile
1267 1848 1353 1926 ests

306 1932 409 2016 cibus,
439 1954 533 2018 quern
562 1933 712 2016 occupati
738 1933 883 2017 rapiunt,
911 1932 1020 2010 satiat,
1047 1936 1194 2016 tempora
1219 1933 1322 1998 somni

252 2040 285 2087 16
305 2023 426 2087 artiora
458 2045 554 2107 quam
586 2022 692 2088 noctis
725 2026 809 2087 sunt.
855 2020 924 2086 Iam
957 2021 1103 2087 Thessali
1136 2021 1263 2105 equites
1293 2026 1325 2086 et
1359 2083 1361 2090 .

304 2111 489 2177 Acarnanes
502 2109 684 2196 Aetolique,
703 2112 824 2176 invicta
843 2110 929 2176 bello
949 2132 1072 2194 manus,
1086 2110 1205 2194 fundis,
1221 2111 1324 2196 credo,

306 2205 338 2265 et
360 2200 462 2266 hastis
493 2201 567 2285 igne
591 2201 713 2265 duratis
741 2201 951 2285 repellentur!
997 2200 1072 2265 Pari
1095 2201 1212 2266 robore
1243 2223 1324 2285 opus

306 2294 362 2355 est.
408 2290 448 2355 In
471 2290 527 2354 illa
549 2294 644 2374 terra,
667 2313 748 2375 quae
771 2289 831 2354 hos
855 2291 976 2376 gennit,
999 2289 1120 2355 auxilia
1143 2291 1325 2373 quaerenda
1338 2316 1358 2355 ss

305 2384 393 2444 sunt:
427 2383 597 2465 argentum
630 2379 716 2444 istud
744 2382 842 2464 atque
871 2401 983 2444 aurum
1012 2378 1052 2443 ad
1079 2379 1326 2444 conducendum

253 2485 285 2533 17
306 2469 443 2534 militem
466 2469 580 2533 mitte'.
626 2468 706 2533 Erat
733 2468 840 2534 Dareo
868 2470 947 2533 mite
975 2490 1012 2533 ac
1039 2469 1207 2534 tractabile
1237 2469 1325 2555 inge-

304 2560 404 2637 nium,
433 2558 497 2622 nisi
521 2558 618 2623 etiam
641 2562 789 2623 naturam
815 2557 1004 2643 plerumque
1027 2559 1158 2623 fortuna
1181 2579 1326 2622 corrum-

304 2652 403 2733 peret.
440 2646 554 2731 Itaque
569 2647 715 2712 veritatis
730 2647 891 2733 inpatiens
906 2647 1068 2731 hospitem
1083 2670 1121 2713 ac
1135 2647 1327 2731 supplicem,

304 2741 383 2803 tunc
406 2759 479 2801 eum
497 2738 637 2801 maxime
661 2736 754 2801 utilia
777 2737 974 2820 suadentem,
998 2736 1140 2801 abstrahi
1159 2736 1256 2801 iussit
1284 2738 1326 2802 ad
1341 2762 1361 2804 ss

253 2843 285 2890 18
305 2827 443 2911 capitale
473 2826 676 2911 supplicium.
732 2824 793 2891 Ille
823 2849 863 2891 ne
895 2831 965 2890 tum
999 2827 1127 2911 quidem
1159 2826 1324 2891 libertatis

305 2916 440 2982 oblitus:
459 2915 605 2999 ‘Habeo',
620 2916 736 3000 inquit,
755 2915 915 3000 ‘paratum
929 2916 1043 2980 mortis
1061 2937 1150 2980 meae
1168 2916 1325 2981 ultorem:

305 3010 432 3091 expetet
450 3027 570 3090 poenas
590 3004 718 3071 consilii
736 3007 800 3069 mei
820 3005 921 3089 spreti
944 3005 972 3070 is
991 3005 1070 3089 ipse,
1094 3008 1325 3088 contraquam

304 3095 365 3159 tibi
403 3095 497 3160 suasi.
557 3093 607 3158 Tu
644 3094 774 3179 quidem
812 3093 944 3160 licentia
979 3096 1071 3180 regni
1109 3099 1175 3158 tam
1213 3094 1324 3160 subito

377 3330 390 3376 1
411 3323 583 3393 nequiquam
600 3325 712 3393 scripsi:
731 3323 921 3393 nequicquam
940 3328 970 3376 Δ.
1047 3327 1062 3376 5
1083 3322 1241 3447 subiecere]
1258 3324 1324 3377 sub-

303 3395 378 3450 icere
397 3400 423 3448 P.
506 3402 520 3449 7
541 3395 652 3467 clipeis]
672 3395 779 3465 clypeis
799 3403 824 3448 c.
913 3394 1084 3466 immobiles]
1103 3394 1230 3448 immomi
1243 3411 1272 3448 es
1291 3400 1324 3449 V.

305 3466 413 3537 etegit
430 3471 456 3519 1:
475 3469 553 3537 teget
572 3473 601 3519 A.
665 3473 698 3520 10
718 3467 811 3538 signa]
832 3482 921 3537 sagma
939 3472 959 3518 P
978 3485 1012 3521 m.
1022 3484 1068 3537 pr.
1131 3472 1164 3519 12
1183 3468 1324 3539 pugnam]

303 3556 373 3607 quac
390 3546 519 3593 secuntur
542 3541 623 3594 verbo
647 3557 732 3609 acque
753 3537 791 3592 ad
810 3545 825 3605 ᾖ
841 3544 872 3592 19
899 3537 1101 3593 vociferantem
1127 3555 1202 3592 nwac
1224 3539 1326 3595 desunt

303 3611 359 3676 fere
378 3611 521 3665 omicidia
540 3615 562 3662 V
577 3617 691 3680 propter
704 3618 815 3680 portem
832 3611 897 3676 folii
915 3612 1072 3665 abscissam.
1154 3614 1187 3662 16
1206 3610 1325 3679 rapiunt

302 3682 413 3751 scripsi:
432 3684 535 3751 parant
553 3687 583 3735 Δ.
649 3688 682 3736 18
701 3680 862 3754 Aetolique]
882 3681 1044 3751 aetholique
1062 3686 1092 3734 Δ.
1167 3685 1200 3733 19
1219 3679 1322 3753 hastis]

303 3753 372 3807 estis
391 3758 443 3806 ΒΡ.
522 3760 554 3807 23
574 3754 716 3825 naturam]
735 3756 876 3807 maturam
895 3759 914 3805 P
933 3772 967 3808 m.
979 3771 1024 3822 pr.
1102 3758 1135 3807 17
1155 3751 1261 3824 inquit]
1280 3752 1324 3808 in-

303 3825 372 3893 quid
390 3831 418 3879 P.
492 3831 525 3880 28
544 3825 568 3882 is
586 3832 619 3882 1³:
638 3842 689 3883 om.
705 3832 730 3878 0.
