3150 4459
452 459 706 514 HISTORIARUM
725 456 941 515 ALEXANDBI
959 458 1019 525 VII,
1038 463 1062 513 t.
1205 456 1271 521 223

246 624 364 688 mentis
395 623 531 687 refertos
566 622 691 687 dividit.
745 620 807 686 His
840 621 1031 687 incubantes
1064 624 1270 685 transnavere
1291 636 1324 684 18

247 734 384 796 amnem,
403 712 523 797 quique
537 712 634 795 primi
653 710 856 793 transierant,
870 711 906 775 in
920 711 1059 774 statione
1078 714 1178 793 erant,
1194 710 1269 774 dum

246 803 420 865 traicerent
443 802 550 867 ceteri.
582 799 655 865 Hoc
678 800 775 865 modo
799 804 890 864 sexto
906 800 1033 863 demum
1058 799 1110 863 die
1133 799 1167 864 in
1191 797 1270 862 ulte·

248 891 333 954 riore
356 891 427 974 ripa
449 895 555 954 totum
579 889 758 955 exercitum
781 889 940 972 exposuit.

194 987 232 1041 22
315 978 447 1063 lamque
475 979 516 1042 ad
547 978 803 1062 persequendum
835 977 972 1042 Bessum
1005 979 1163 1041 statuerat
1198 992 1324 1060 pro-19

221 1068 348 1153 agredi,
371 1090 443 1132 curn
469 1091 515 1149 ea,
538 1089 620 1152 quae
643 1068 678 1131 in
701 1065 873 1153 Sogdianis
896 1070 1066 1151 accamant,
1094 1065 1271 1151 cognoscit.

250 1156 451 1241 Spitamenes
474 1161 542 1221 erat
565 1157 784 1222 interamnae
808 1156 930 1221 amicos
952 1156 1127 1241 praecipuo
1149 1154 1272 1219 honore

249 1247 355 1311 cultus
375 1245 518 1329 aBesso,
542 1245 598 1309 sed
620 1246 721 1311 nullis
744 1245 870 1310 meritis
893 1244 1029 1329 perfidia
1052 1244 1195 1330 mitigari
1217 1265 1270 1328 po·

249 1339 324 1399 test:
350 1357 431 1419 quae
454 1339 564 1401 tamen
586 1335 651 1399 iarn
670 1336 777 1399 minus
801 1334 836 1397 in
860 1356 897 1398 eo
916 1332 1021 1398 invisa
1045 1356 1114 1398 esse
1136 1336 1273 1416 poterat,
1293 1348 1327 1397 aa

209 1457 234 1493 ιο
250 1425 326 1508 quia
344 1424 426 1489 nihil
450 1425 509 1489 ulli
528 1424 691 1489 nefastum
714 1425 749 1488 in
762 1423 909 1507 Bessum,
929 1422 1173 1487 interfectorem
1187 1422 1273 1509 regis

250 1515 309 1598 sui,
331 1514 511 1579 videbatur.
538 1513 668 1578 Titulus
687 1512 824 1577 facinori
844 1514 1009 1597 speciosus
1024 1511 1274 1595 praeferebatur,

248 1603 392 1667 vindicta
413 1603 522 1684 Darei,
545 1602 600 1666 sed
623 1603 798 1684 fortunam,
820 1608 894 1665 non'
910 1600 1014 1666 scelus
1039 1601 1150 1665 oderat
1172 1600 1273 1664 Bessi.

249 1691 397 1776 Namque
424 1695 462 1755 ut
491 1690 710 1755 Alexandrum
737 1692 861 1778 flumen
889 1688 995 1754 Oxum
1028 1711 1195 1773 superasse
1224 1711 1274 1754 oo-
1293 1704 1325 1753 21

250 1782 379 1865 gnovit,
418 1779 659 1864 Dataphernem
696 1784 728 1845 et
766 1777 922 1864 Catanen,
961 1779 1078 1863 quibus
1115 1802 1134 1843 a
1173 1778 1273 1842 Besso

210 1902 235 1939 15
252 1871 391 1933 maxima
420 1869 500 1935 fides
527 1869 722 1953 habebatur,
756 1869 790 1932 in
818 1869 1007 1932 societatem
1036 1867 1197 1954 cogitatae
1227 1868 1274 1931 rei

251 1959 408 2023 adsciscit.
454 1957 508 2022 Illi
539 1959 723 2042 promptius
751 1958 911 2041 adnuunt,
942 1979 1039 2042 quarn
1066 1956 1274 2043 rogabantur,

251 2048 494 2131 adsumptisque
522 2065 585 2110 vl11
617 2047 805 2112 fortissimis
838 2046 1007 2111 iuvenibus
1035 2046 1132 2110 talem
1164 2046 1274 2111 dolum

251 2136 430 2200 intendunt.
479 2134 680 2220 Spitamenes
709 2137 819 2221 pergit
848 2136 889 2200 ad
916 2135 1052 2200 Bessum
1082 2139 1115 2199 et
1141 2136 1274 2199 remotis
1294 2150 1327 2200 22

252 2226 381 2290 arbitris
406 2225 589 2310 conperisse
613 2226 660 2289 ait
687 2247 734 2310 se,
766 2225 913 2291 insidiari
937 2225 966 2289 ei
989 2224 1221 2309 Dataphernen
1243 2227 1275 2287 et

211 2348 237 2385 20
253 2313 405 2400 Catanen,
431 2320 470 2379 ut
499 2315 608 2379 rivum
637 2314 823 2379 Alexandro
847 2314 1023 2399 traderent,
1054 2313 1232 2399 agitantese
1256 2336 1276 2377 a

252 2408 352 2469 semet
376 2408 550 2487 occupatos
574 2425 642 2468 esse
669 2410 700 2469 et
728 2404 856 2470 vinctos
884 2403 993 2468 teneri.
1039 2401 1160 2467 Bessus
1182 2406 1274 2466 tanto
1294 2418 1328 2466 aa

252 2494 376 2576 merito,
400 2498 438 2557 ut
461 2492 619 2576 credebat,
644 2493 806 2579 obligatus
821 2494 940 2577 partim
960 2492 1081 2577 gratias
1105 2492 1182 2577 agit,
1205 2514 1275 2575 par-

253 2583 313 2646 tim
338 2582 451 2646 avidus
482 2582 653 2666 expetendi
681 2582 833 2666 supplicii
859 2582 973 2645 adduci
998 2603 1052 2646 eos
1077 2581 1175 2644 iubet.
1221 2579 1275 2644 Illi
1294 2596 1329 2644 24

253 2674 401 2737 manibus
432 2694 491 2736 sua
524 2676 639 2754 sponte
669 2672 816 2756 religatis
849 2694 868 2734 a
903 2669 1116 2753 participibus
1148 2668 1276 2734 consilii

212 2795 237 2832 ss
252 2761 475 2827 trahebantur:
506 2782 587 2844 quos
610 2760 730 2826 Bessus
760 2760 844 2825 truci
867 2760 961 2823 vultu
988 2760 1118 2824 intuens
1146 2780 1275 2823 consur-

252 2850 301 2935 git
324 2850 473 2914 manibus
495 2872 562 2914 non
585 2853 832 2933 temperaturus.
863 2846 974 2931 Atque
997 2848 1046 2912 illi
1071 2848 1276 2912 simulatione

253 2940 374 3003 omissa
398 2940 639 3004 circumsistunt
662 2960 735 3003 eum
760 2942 792 3002 et
811 2938 932 3001 frustra
955 2939 1189 3021 repugnantem
1207 2935 1275 2999 uin-

326 3139 341 3185 2
361 3132 485 3203 amnem]
509 3147 621 3185 ammen
643 3136 671 3183 P.
781 3135 797 3183 6
818 3129 968 3200 Sogdianis
987 3130 1205 3185 Freinshemius:
1230 3147 1275 3182 sn·

253 3205 339 3257 sianis
359 3210 388 3256 Δ.
454 3204 616 3257 evenerant
634 3204 745 3271 scripsi:
766 3204 847 3256 erant
865 3206 895 3256 Δ.
962 3200 1148 3270 7praecipuo
1167 3203 1187 3252 B
1207 3216 1275 3256 corr.

252 3283 272 3328 1.
291 3292 359 3331 corr.
370 3280 393 3327 V
403 3292 484 3329 coru:
500 3273 651 3342 praecipue
661 3277 692 3327 A.
748 3278 763 3327 9
777 3273 887 3344 tamen]
895 3275 992 3327 tamen
1001 3270 1129 3341 mitigari
1143 3272 1238 3341 potest
1244 3276 1276 3325 V.

255 3352 288 3400 10
305 3347 386 3429 quia]
410 3348 459 3413 qui
478 3351 498 3397 P
518 3365 551 3399 m.
568 3362 612 3427 pr.
651 3415 657 3427 η
720 3343 786 3416 ulli]
810 3344 871 3398 ulla
888 3350 957 3426 le.
968 3363 1014 3427 pr.
1125 3344 1199 3414 regis
1219 3342 1275 3414 sui]

252 3423 414 3545 {raiaza
430 3417 839 3553 asseruisse
853 3415 1276 3556 ltussdmtaittfttf

252 3559 676 3630 pharnema[datafarnem1.].
727 3557 853 3612 Catanen
863 3560 1015 3613 Kiacha'us:
1031 3560 1150 3612 catenen
1162 3564 1190 3624 Ρ,
1201 3561 1276 3610 cate-

253 3650 317 3686 nem
328 3640 352 3685 0.
406 3637 439 3685 16
454 3630 600 3702 adsciscit]
615 3630 774 3684 adscissitI.
784 3649 819 3685 m.
826 3649 871 3700 pr.
882 3635 910 3696 1³,
926 3629 1057 3696 abscissit
1065 3634 1096 3683 V.
1148 3629 1277 3683 adnuunt

254 3703 532 3772 Ieepiaszaddunth.
571 3700 1280 3773 19Dataphernen]datafarnencfflatafarnamrb.

254 3781 288 3830 20
308 3775 433 3829 Catanen
451 3776 602 3829 Kiocba'us:
625 3776 744 3827 catenen
760 3778 791 3827 A.
853 3778 885 3827 21
908 3779 938 3829 et
954 3772 1098 3827 vinctosI:
1118 3771 1232 3829 uinctos
1244 3776 1274 3823 Δ.

255 3854 288 3901 ⁵23
308 3846 458 3916 expetendi
483 3846 577 3916 Vogel:
597 3843 730 3914 explendi
747 3849 780 3898 Α.
853 3850 887 3897 24
907 3842 1030 3916 consilii]
1050 3842 1170 3898 consulii
1188 3846 1216 3897 P.
