3150 4459
314 459 382 522 294
502 506 505 512 -
695 458 726 523 Q.
747 458 857 513 OUR'I'I
875 458 961 512 RUFI
1105 462 1135 500 ἐ

267 626 492 705 .tperun,e
476 621 679 686 etbarbari
692 622 821 686 hostem
852 621 1012 705 depulisse
1036 623 1181 685 contenti
1206 644 1278 685 non
1305 623 1352 686 in·

262 728 295 775 19
315 710 426 775 stiterc
452 627 648 775 cedentibus
695 710 845 776 Ceterum
869 710 1052 775 Alexander
1075 732 1157 774 cum
1174 712 1352 775 statuisset
1366 715 1395 771 41

315 800 415 864 desist
402 804 469 863 tere
497 800 625 884 incepto
650 839 693 848 —
718 800 838 884 quippe
865 804 956 866 nulla
983 822 1058 884 spes
1086 803 1145 884 pot
1131 800 1270 863 tiundae
1296 821 1351 884 pe

313 892 383 952 trae
402 889 598 953 offerebatur
615 928 664 972 -,
678 895 787 954 tamen
807 892 947 973 speciem
961 888 1104 952 ostendi-t
1121 889 1157 952 in
1171 888 1352 955 obsidione

313 980 557 1064 perseverantis.
595 977 680 1042 Nam
704 983 736 1043 et
760 978 877 1043 itinera
901 978 1042 1043 obsideri
1064 977 1160 1042 iussit
1183 983 1218 1041 et
1237 983 1350 1043 turres
1376 1005 1387 1046 ι

260 1084 295 1133 ao
314 1068 478 1131 admoveri
501 1072 534 1130 et
552 1068 698 1153 fatigatis
721 1068 803 1131 alios
826 1068 1003 1132 succedere.
1042 1065 1141 1130 Cuius
1160 1068 1351 1150 pertinacia

314 1156 445 1241 cognita
468 1154 541 1220 Indi
571 1179 629 1240 per
652 1157 787 1221 biduum
812 1157 943 1239 quidem
966 1177 1003 1220 ac
1027 1156 1106 1219 duas
1128 1160 1244 1220 noctes
1270 1179 1350 1221 cum

314 1244 529 1309 ostentatione
547 1268 614 1310 non
628 1246 765 1311 fiduciae
783 1246 890 1331 modo,
911 1246 1079 1309 sedetiam
1095 1244 1252 1309 victoriae
1268 1268 1350 1330 epu-

259 1335 371 1399 allati
409 1338 484 1398 sunt
516 1339 671 1419 tympana
704 1357 762 1399 suo
795 1357 885 1400 more
916 1335 1096 1419 pulsantes:
1134 1334 1233 1399 tertia
1265 1358 1350 1401 vero

314 1427 410 1487 nocte
446 1428 675 1507 tympanorum
709 1423 839 1508 quidem
871 1425 1026 1508 strepitus
1057 1424 1195 1488 desierat
1227 1425 1351 1509 audiri,
1365 1452 1389 1492 ro

315 1517 456 1576 ceterum
485 1535 524 1575 ex
552 1516 623 1576 tota
650 1517 743 1597 petra
766 1513 852 1576 faces
876 1513 1094 1599 refulgebant,
1127 1534 1207 1595 quas
1232 1536 1352 1578 accen·

315 1601 429 1666 derant
451 1601 591 1679 barbari,
614 1606 651 1666 ut
670 1603 773 1666 tutior
791 1606 875 1666 esset
894 1603 974 1686 ipsis
993 1602 1072 1686 fuga
1090 1601 1229 1667 obscura
1246 1608 1352 1668 nocte

260 1707 294 1754 22
313 1713 372 1775 per
394 1690 482 1754 invia
505 1713 583 1753 saxa
607 1692 758 1755 cursuris.
805 1691 876 1756 Rex
899 1692 1048 1773 Balacro,
1081 1691 1137 1775 qui
1160 1692 1351 1774 speculare-

314 1783 377 1863 tur,
400 1782 578 1863 praemisso
598 1781 765 1866 cognoscit
783 1786 908 1864 petram
928 1781 1007 1866 fuga
1025 1780 1179 1844 Indorum
1199 1802 1272 1843 esse
1294 1782 1351 1846 de

315 1874 443 1933 sertam,
494 1869 578 1933 Tum
611 1870 687 1934 dato
716 1871 823 1956 signe,
857 1873 894 1934 ut
921 1869 1063 1934 universi
1092 1869 1350 1955 conclamarent,
1365 1898 1388 1939 ιι

260 1975 294 2021 23
314 1958 518 2041 inconposite
536 1959 738 2045 fugientibus
757 1964 880 2023 metum
899 1959 1048 2023 incussit:
1071 1958 1241 2041 multique,
1261 1963 1350 2024 tam·

314 2069 411 2130 quam
443 2047 569 2111 adesset
601 2049 719 2130 hostis,
750 2071 810 2132 per
836 2048 962 2112 lubrica
990 2069 1212 2131 saxaperque
1236 2048 1350 2113 invias

313 2140 400 2199 cotes
417 2137 621 2220 praecipitati
642 2138 837 2221 occiderunt,
859 2137 969 2221 plures
989 2137 1098 2220 aliqua
1118 2136 1349 2202 membrorum

259 2229 404 2309 reperte
432 2225 566 2290 mulcati
595 2226 635 2289 ab
663 2225 799 2312 integris
828 2226 945 2290 deserti
969 2230 1053 2289 sunt.
1099 2226 1170 2289 Rex
1192 2228 1349 2291 locorum

312 2315 418 2400 magis
449 2337 545 2399 quam
576 2314 720 2379 hostium
750 2316 856 2380 victor
885 2320 994 2379 tamen
1018 2336 1160 2399 magnae
1183 2314 1347 2381 victoriae
1363 2345 1388 2383 ιι

311 2405 442 2485 speciem
466 2404 633 2468 sacrificiis
659 2408 691 2467 et
715 2403 805 2468 cultu
829 2406 925 2469 deum
948 2405 1034 2470 fecit.
1081 2405 1165 2469 Arae
1189 2403 1223 2466 in
1247 2410 1348 2487 petra

259 2512 293 2559 25
312 2493 436 2557 locatae
476 2497 552 2557 sunt
583 2493 748 2557 Minervae
781 2493 1048 2577 Victoriae[que].
1104 2493 1252 2558 Ducibus
1291 2496 1348 2559 iti-

312 2581 413 2662 neria,
445 2604 509 2682 quo
543 2582 651 2645 subire
683 2582 821 2647 iusserat
848 2583 963 2648 leviter
992 2586 1146 2665 armatos,
1179 2582 1249 2647 etsi
1267 2606 1347 2665 pro-

311 2671 418 2734 missis
438 2670 563 2735 minora
581 2671 820 2773 praestiterant,
842 2672 983 2756 pretium
1003 2693 1076 2735 oum
1095 2671 1157 2735 fide
1176 2672 1347 2737 redditum

312 2764 374 2843 est,
406 2764 517 2861 petrae
550 2761 757 2847 regionisque
786 2761 814 2825 ei
843 2762 1012 2825 adiunctae
1043 2760 1250 2825 Sisocostot
1236 2763 1346 2860 tutela
1361 2790 1388 2831 ιι

336 2849 478 2914 ermissa

259 2872 334 2999 XIIp
377 2936 456 3002 Inde
479 2940 637 3021 processit
623 2939 894 3022 tEcbolimaet,
925 2962 998 3003 cum
1022 2944 1139 3024 angust
1142 2939 1189 3003 ias
1213 2891 1346 3004 itineris

384 3203 602 3274 lofferebatur]
622 3203 762 3259 effabatur
779 3210 849 3258 Pm.
861 3223 906 3274 pr.
994 3204 1141 3258 obsidione
1161 3205 1270 3265 Lauer-
1291 3205 1380 3266 ob-·¹

313 3275 452 3329 sidionem
471 3280 501 3330 A
568 3276 773 3347 sspertmacia]
793 3276 948 3345 pertinatia
967 3281 1013 3327 ΡΙ.
1027 3294 1061 3330 ιιι.
1073 3292 1119 3344 pr.
1133 3281 1163 3328 V.
1232 3275 1344 3329 8fidu-

313 3345 386 3430 ciae]
405 3347 522 3401 fidutiae
541 3352 596 3399 PV
690 3347 874 3418 atympana]
894 3348 1068 3415 timpanac.
1128 3346 1258 3417 tertia]
1282 3348 1343 3401 ter·

312 3434 358 3472 cia
377 3424 409 3484 1.
429 3416 513 3471 tertio
533 3424 553 3469 P
571 3436 606 3472 m.
624 3437 667 3487 pr
780 3424 813 3472 10
832 3419 1060 3499 tympanorum]
1068 3418 1261 3487 timpanorum
1280 3423 1342 3473 FV

314 3495 345 3543 11
367 3489 566 3560 accenderant]
582 3491 810 3544 ascenderantP.
869 3496 901 3543 12
921 3489 1022 3561 tutior]
1037 3490 1144 3545 tuotior
1157 3493 1178 3541 B
1192 3506 1226 3542 m.
1237 3507 1282 3558 pr.
1335 3513 1336 3517 ¹

313 3561 534 3632 esset.]etLur
545 3578 590 3630 pr.
662 3567 694 3615 19
715 3562 832 3632 deserti]
852 3562 1021 3616 desaer.
1032 3579 1078 3630 pr.
1143 3567 1175 3614 21
1196 3561 1343 3628 speciem

310 3634 377 3687 add
399 3634 479 3686 Mne
480 3634 583 3687 acilius
675 3633 833 3714 sacrificiis]
859 3632 1049 3687 sacrifitiisP.
1141 3637 1174 3684 22
1198 3631 1343 3686 Victoriae

312 3704 424 3773 Staupl:
451 3703 644 3771 uictoriaeque
664 3710 694 3757 A
805 3704 928 3775 itineris]
946 3703 1077 3757 intineris
1096 3707 1152 3757 V
1227 3708 1278 3755 23
1277 3719 1342 3771 quo

312 3776 428 3845 Zurupt
416 3792 472 3828 eus:
497 3792 567 3842 quos
586 3780 616 3828 A
710 3782 744 3829 24
762 3776 899 3847 pretium]
922 3776 1067 3845 praecium
1085 3781 1115 3827 A
1120 3793 1155 3829 ra
1165 3792 1211 3843 pr.
1226 3780 1256 3874 P,
1253 3791 1343 3896 pre·-

312 3847 388 3908 cium
407 3852 438 3898 v
855 3886 857 3889 ι
