3150 4459
470 475 725 531 HISTORIARUM
743 473 959 529 ALEXANDRI
977 474 1023 541 VI,
1044 480 1085 529 11.
1227 472 1289 538 197

265 640 350 705 lotas
375 640 573 705 circumlatis
593 641 705 725 oculis,
729 643 766 702 ut
784 638 925 703 incidere
948 638 983 701 in
1008 636 1107 703 Calan
1131 638 1292 722 quendam

265 729 352 793 haud
375 727 490 812 procul
508 733 657 812 stantem,
680 729 815 813 propius
835 749 908 792 eum
927 728 1023 792 iussit
1042 728 1199 792 accedere.
1229 725 1291 791 Illo

266 818 455 902 perturbato
479 822 512 882 et
535 822 702 883 recusante
718 820 857 882 transire
881 816 922 879 ad
940 839 1026 881 eum:
1052 816 1223 900 ‘Patieris',
1245 817 1291 880 in·

267 907 353 991 quit,
387 906 601 982 ‘Demetrium
631 907 763 971 mentiri
790 927 966 989 rursusque
997 927 1048 969 me
1081 905 1291 971 excruciari?

239 996 369 1061 sCalan
391 1018 455 1060 vox
479 998 676 1082 sanguisque
699 996 896 1079 defecerant,
920 998 952 1059 et
974 994 1167 1060 Macedones
1181 994 1292 1059 Philo·
1312 1012 1345 1061 37

266 1088 323 1149 tan
346 1085 516 1169 inquinare
538 1086 688 1150 innoxios
707 1085 789 1150 velle
813 1085 1069 1169 suspicabantur,
1092 1085 1170 1169 quia
1190 1106 1251 1149 nec
1274 1106 1294 1148 a

267 1173 469 1238 Nicomacho
492 1197 551 1238 nec
575 1175 706 1259 abipso
730 1173 875 1258 Philota,
900 1195 973 1239 cum
997 1177 1212 1258 torqueretur,
1237 1195 1293 1237 no·

267 1265 409 1327 minatus
433 1268 519 1327 esset
541 1264 744 1329 adulescens:
776 1264 833 1347 qui
856 1268 893 1327 ut
916 1264 1097 1346 praefectos
1124 1264 1210 1348 regis
1234 1263 1293 1327 cir-

267 1356 465 1416 cumstantes
489 1375 523 1417 se
546 1353 637 1437 vidit,
660 1352 862 1418 Demetrium
877 1356 910 1417 et
933 1352 1141 1437 semetipsum
1160 1352 1193 1416 id
1216 1351 1293 1417 faci·

227 1469 252 1506 10
266 1465 327 1505 nus
352 1444 513 1527 cogitasse
531 1442 697 1522 confessus
716 1446 773 1508 est.
808 1440 927 1506 Omnes
946 1462 1023 1527 ergo
1047 1465 1067 1506 a
1089 1440 1291 1507 Nicomacho
1311 1458 1346 1506 38

265 1531 425 1595 nominati
449 1553 538 1595 more
561 1533 668 1616 patrio
693 1531 768 1597 dato
793 1531 887 1616 signo
911 1531 997 1595 saxis
1021 1530 1130 1596 obruti
1154 1535 1239 1595 sunt.
1285 1594 1288 1598 .

334 1619 454 1707 Magno
477 1641 540 1685 non
568 1621 691 1705 salutis,
716 1621 773 1685 sed
797 1623 894 1686 etiam
916 1620 1058 1686 invidiae
1085 1619 1230 1707 periculo
1253 1619 1292 1683 li·
1312 1636 1345 1685 aa

265 1709 395 1773 beratus
420 1714 488 1774 erat
513 1696 709 1775 Alexander:
740 1711 861 1795 quippe
888 1708 1058 1774 Parmenio
1082 1713 1115 1773 et
1136 1708 1292 1790 Philotas,

266 1799 428 1883 principes
452 1799 637 1883 amicorum,
656 1800 720 1863 nisi
733 1799 842 1883 palam
857 1802 965 1863 sontes
985 1798 1054 1863 sine
1068 1797 1292 1885 indignatione

241 1888 368 1951 stotius
392 1888 551 1951 exercitus
574 1911 640 1953 non
668 1888 854 1973 potuissent
880 1888 1034 1952 damnari.
1080 1886 1194 1972 Itaque
1217 1889 1293 1953 dum
1311 1904 1346 1953 40

268 1998 385 2060 anceps
409 1978 555 2060 quaestio
579 1978 652 2059 fuit,
671 1978 748 2042 dum
771 1978 930 2041 infitiatus
954 1982 1003 2041 est
1025 1976 1160 2055 facinus,
1184 1976 1293 2042 crude·

267 2065 343 2129 liter
365 2067 511 2149 torqueri
531 2066 714 2131 videbatur:
738 2070 814 2151 post
837 2066 1072 2132 confessionem
1096 2066 1194 2130 etiam
1217 2064 1293 2129 Phi·

267 2154 352 2218 lotae
376 2155 554 2221 amicorum
577 2156 799 2220 misericordia
822 2178 904 2219 rana
927 2159 1005 2220 erat.

342 2347 465 2402 lcalan
482 2350 594 2417 empti:
615 2349 690 2403 calin
704 2355 735 2403 Δ.
792 2349 957 2421 apropius]
976 2348 1106 2417 proprius
1125 2354 1155 2401 v.
1216 2347 1292 2419 eum]

268 2419 342 2472 eium
361 2426 430 2473 Lm.
441 2437 487 2488 pr.
502 2425 532 2473 v.
589 2421 734 2505 accedere]
755 2420 882 2475 accidere
899 2426 926 2473 Ρ.
982 2419 1049 2504 Illo]
1066 2419 1116 2475 ille
1129 2426 1157 2473 Ρ.
1214 2425 1293 2473 tre-

268 2494 385 2545 cusante
400 2492 569 2546 Frobcaias:
589 2494 731 2546 recusantr
745 2498 776 2546 Δ.
832 2491 966 2563 Patierin]
986 2492 1107 2561 pacreris
1123 2497 1154 2545 V.
1210 2496 1291 2544 lex-

268 2562 609 2633 cruciari]excrutiari1’.
665 2563 784 2618 ocalan
797 2564 910 2633 scripsi:
931 2562 1005 2617 calin
1020 2569 1047 2629 0,
1061 2562 1136 2618 calix
1149 2569 1177 2617 Ρ.
1229 2579 1292 2616 san-

267 2634 387 2703 guisque
395 2634 569 2706 defecerant]
577 2636 693 2705 sanguis
701 2635 879 2690 defeceratP.
912 2634 1057 2706 Philotan]
1065 2633 1290 2703 phylotanBLV.

268 2704 528 2778 fisuspicabantur]
543 2704 779 2776 supplicabantur
793 2713 821 2759 Ρ.
877 2706 1155 2777 quia]qui1’m.pr0
1212 2704 1292 2758 rni-

268 2777 414 2848 comacho]
424 2777 609 2832 nichomacho
617 2783 677 2845 Pv,
687 2778 837 2832 niomacho
848 2784 868 2830 F
878 2795 912 2832 m.
919 2794 975 2847 pr,
984 2777 1113 2831 niomaco
1123 2782 1185 2829 Lm.
1194 2792 1237 2845 pr.

266 2848 342 2919 ipso]
357 2848 407 2902 illo
423 2855 448 2903 0.
507 2848 633 2919 Philota]
647 2848 768 2918 phylota
781 2854 869 2918 BLV,
887 2848 999 2918 philata
1012 2854 1032 2900 Ρ
1046 2866 1081 2903 m.
1092 2866 1137 2917 pr.
1194 2852 1227 2899 10
1241 2846 1293 2899 Ni-

268 2919 415 2991 comacho]
437 2920 622 2975 nichomacho
642 2926 672 2974 V.
765 2927 798 2974 11
823 2921 918 2975 obruti
946 2922 1012 2975 sunt
1032 2926 1058 2973 1:
1088 2920 1242 2974 obruerunt
1260 2923 1291 2971 Δ.

269 2997 302 3045 12
313 2991 439 3045 *invidiae
450 2993 608 3048 Rubenius:
622 2991 702 3046 uitae
711 2998 741 3046 Δ.
796 2998 828 3045 13
838 2991 999 3063 Parmenio]
1008 2990 1173 3060 parmoenio
1183 2994 1236 3044 BF.
1347 3043 1349 3052 ,

267 3062 407 3133 Philotas]
426 3063 559 3131 phylotas
574 3068 630 3116 BV.
688 3070 721 3117 14
740 3063 848 3135 sontes]
866 3063 959 3117 tontes
978 3068 1049 3117 Pm.
1062 3078 1106 3131 pr.
1162 3059 1293 3129 indigna-

267 3133 357 3204 tione]
372 3133 573 3204 indignacione
587 3139 618 3187 V.
702 3140 735 3189 lt
754 3135 855 3206 totius]
874 3135 966 3189 tocius
984 3139 1016 3187 V.
1094 3134 1170 3187 dam
1188 3147 1292 3201 anceps

274 3207 367 3274 Vopcl:
383 3221 486 3274 anceps
506 3211 537 3259 Δ.
599 3212 631 3259 16
650 3205 801 3278 infitiatus]
822 3206 964 3260 inficiatus
983 3211 1039 3259 PV.
1100 3210 1133 3257 1‘1
1153 3202 1240 3258 etiam
1258 3209 1291 3257 P:

267 3277 354 3329 etiam
368 3293 460 3343 neque
475 3284 492 3329 c
507 3278 582 3349 [inv
592 3293 640 3345 eq3
655 3279 687 3331 ia
699 3279 777 3350 rae]
832 3277 963 3331 Philotae
973 3278 1083 3346 Stcaql:
1098 3274 1223 3345 philotas
1233 3280 1293 3342 FP,

268 3348 399 3415 phylotas
414 3353 495 3402 BLV.
571 3353 604 3401 18
622 3349 816 3404 misericordia
834 3365 908 3403 vana
926 3351 988 3402 erat
1004 3348 1116 3415 scripsi:
1135 3345 1293 3401 misericor-

268 3420 344 3472 diam
364 3421 468 3473 meruit
481 3426 511 3473 Δ.
590 3425 711 3484 &evam
729 3440 794 3475 surr
811 3425 974 3475 nrsromam'r
992 3426 1088 3474 arii-'vi
1107 3436 1292 3471 crememur-

269 3510 339 3544 crrrr
358 3511 438 3543 urana
456 3511 584 3547 sarsurus
603 3500 632 3558 Ρ,
652 3511 772 3553 acram
785 3512 849 3547 rum
867 3509 1189 3547 marommnnxnunm
1206 3507 1293 3543 uram

267 3581 420 3616 nicanorus
431 3583 474 3616 ma
484 3570 741 3619 ·v1·axi²c·mcn>1r
754 3569 978 3633 marmora-B,
993 3580 1186 3625 ceramum
1199 3580 1292 3615 maro-

268 3641 348 3689 anau
368 3640 734 3690 mariannem-menn
757 3642 954 3690 miserrmus
973 3642 1002 3702 L,
1022 3654 1100 3690 ovam
1117 3652 1182 3686 auru
1200 3650 1291 3685 ursao-

268 3712 399 3760 amaru}
408 3738 412 3748 ·
422 3726 451 3760 vr
460 3740 464 3746 ·
473 3726 596 3762 examore
606 3726 719 3763 ποιεῖν
738 3727 818 3761 amaa
837 3726 965 3763 snrrrnus
984 3714 1014 3775 V,
1034 3708 1119 3760 axina
1138 3724 1182 3757 nna
1192 3722 1248 3757 ·r1·
1259 3722 1291 3766 o-

269 3797 347 3832 cvarr
366 3798 428 3832 avar
447 3798 629 3835 arsromanun
646 3799 726 3833 maa
743 3798 907 3834 mmcmr
925 3785 953 3832 1¹.
