3150 4459
302 458 369 523 380
683 456 715 523 Q.
733 454 845 514 UURTI
863 453 951 509 RUFI

250 621 500 687 reluctaverunt
523 619 606 685 nihil
628 620 669 683 ad
688 622 776 705 ipsos
795 618 960 704 pertinens
979 640 1124 704 regnum.
1161 617 1202 682 ln
1222 620 1335 685 eadem

304 711 399 775 domo
422 710 610 794 familiaque
634 710 763 793 imperii
785 709 870 773 vires
893 730 1097 772 remansuras
1121 729 1191 772 asse
1214 708 1336 794 gaude·

302 799 394 865 bant:
422 799 652 864 hereditarium
679 799 850 883 imperium
879 797 1013 881 stirpem
1041 797 1164 881 regiam
1187 797 1337 863 vindica

302 893 421 953 turam:
445 889 595 953 adsuetos
619 910 688 952 esse
710 907 830 953 nomen
852 886 959 969 ipsum
983 888 1087 951 colere
1110 888 1337 971 venerarique,

302 999 362 1042 nec
394 1000 586 1061 quemquam
619 978 652 1041 id
685 997 799 1062 capere
826 976 890 1039 nisi
918 976 1078 1060 genitum,
1110 978 1147 1038 ut
1170 980 1373 1061 regnarets

249 1083 282 1131 16
301 1065 407 1151 Igitur
421 1066 574 1132 Perdicca
596 1066 728 1130 territus
748 1066 909 1147 conclave,
932 1065 967 1128 in
986 1086 1051 1148 quo
1066 1063 1245 1129 Alexandri
1265 1086 1337 1130 cor·
1351 1067 1383 1123 11

302 1155 520 1240 pusiacebat,
544 1155 688 1220 obserari
711 1154 814 1219 iubet:
838 1169 885 1217 Dc
909 1174 983 1218 cum
1006 1154 1077 1238 ipso
1097 1158 1188 1217 erant
1208 1158 1336 1237 specta-

301 1249 354 1309 tae
373 1244 511 1327 virtutis,
530 1244 737 1308 Ptolomaeus
756 1264 886 1326 quoque
906 1263 939 1306 se
959 1242 1148 1307 adiunxerat
1167 1242 1196 1306 ei
1215 1264 1337 1326 puero·

249 1350 437 1417 urumque
464 1333 553 1418 regia
580 1333 705 1398 cohors.
752 1330 901 1395 Ceterum
930 1331 1017 1395 haud
1041 1330 1216 1396 difficulter
1240 1353 1260 1394 a
1282 1336 1338 1397 tot

302 1421 434 1486 milibus
467 1426 663 1486 armatorum
697 1420 837 1485 claustra
868 1420 1029 1503 pertracta
1061 1426 1145 1485 sunt.
1195 1418 1243 1484 Et
1275 1444 1337 1485 rex
1351 1446 1373 1486 ra

303 1533 431 1595 quoque
463 1512 631 1594 inruperat
663 1510 802 1593 stipatus
835 1512 1011 1574 satellitum
1044 1508 1153 1591 turba,
1190 1530 1335 1593 quorum

250 1615 283 1665 18
303 1601 452 1685 princeps
474 1599 637 1685 Meleager
660 1599 741 1663 ibat:
765 1599 875 1683 itaque
898 1597 1052 1664 Perdicca
1075 1598 1149 1681 hos,
1176 1599 1234 1682 qui
1258 1598 1336 1663 Ale

302 1689 417 1753 xandri
442 1711 557 1772 corpus
582 1689 666 1752 tueri
690 1691 820 1770 vellent,
844 1692 981 1753 sevocat.
1029 1686 1100 1771 Sed,
1125 1688 1181 1771 qui
1202 1687 1335 1773 inrupe

302 1782 388 1860 rant,
417 1779 540 1842 eminus
569 1778 634 1841 tela
656 1779 690 1841 in
714 1778 822 1861 ipsum
846 1776 1013 1841 iaciebant.
1060 1776 1239 1860 Multisque
1264 1778 1335 1841 vul-

302 1868 421 1931 neratis
454 1867 583 1931 tandem
616 1866 757 1931 seniores
789 1866 930 1950 demptis
957 1866 1073 1952 galeis,
1105 1887 1169 1949 quo
1200 1864 1334 1932 facilius
1350 1890 1372 1931 a

301 1958 394 2021 nosci
425 1959 570 2040 possent,
602 1956 724 2040 precari
758 1977 827 2035 eos,
861 1956 918 2039 qui
947 1975 1021 2019 cum
1049 1953 1201 2021 Perdicca
1229 1959 1335 2039 erant,

303 2066 444 2129 coepere,
468 2049 505 2109 ut
529 2044 722 2109 absisterent
744 2045 831 2109 bello
855 2044 989 2128 regique
1013 2047 1046 2108 et
1068 2043 1217 2129 pluribus
1243 2044 1334 2109 cede·

251 2151 284 2200 19
303 2138 383 2198 rent.
430 2135 558 2199 Primus
581 2134 733 2199 Perdicca
756 2156 846 2197 arma
869 2133 1032 2217 deposuit,
1061 2132 1222 2216 ceterique
1246 2134 1333 2199 idem

304 2222 415 2288 fecere.
461 2222 624 2308 Meleagro
652 2223 767 2286 deinde
795 2222 962 2305 suadente,
994 2245 1034 2286 ne
1058 2244 1077 2284 a
1101 2243 1234 2305 corpore
1258 2221 1334 2287 Ale-

303 2313 418 2376 xandri
447 2312 660 2395 discederent,
692 2311 818 2376 insidiis
849 2310 957 2376 locum
982 2312 1093 2393 quaeri
1117 2312 1179 2374 rati
1203 2310 1372 2376 diversam

250 2418 284 2466 20
304 2401 411 2485 regiae
439 2404 529 2484 parte
557 2401 598 2463 ad
621 2401 812 2484 Euphraten
835 2401 946 2485 fugam
969 2399 1150 2464 intendunt.
1195 2399 1334 2483 Equita-

304 2493 365 2572 tus,
390 2490 445 2573 qui
469 2513 508 2553 ex
527 2489 739 2555 nobilissimis
764 2490 917 2554 iuvenum
942 2489 1120 2571 constabat,
1144 2488 1334 2555 Perdiccam

304 2583 336 2643 at
358 2579 559 2644 Leonnatum
590 2579 740 2662 frequens
765 2579 973 2662 sequebatur,
1005 2577 1217 2662 placebatque
1241 2600 1333 2643 exce

251 2685 283 2733 21
305 2668 379 2733 dere
402 2667 482 2732 urbe
506 2668 693 2732 attendere
716 2667 751 2731 in
774 2668 904 2751 campis.
953 2665 1016 2731 Sed
1039 2666 1193 2732 Perdicca
1215 2689 1256 2730 ne
1279 2689 1333 2752 pe

304 2757 386 2821 dites
420 2758 549 2841 quidem
578 2761 745 2822 secuturos
776 2758 883 2841 ipsum
908 2755 1109 2840 desperabat:
1134 2756 1258 2840 itaque,
1291 2778 1333 2821 ne
1346 2780 1370 2821 u

377 2919 390 2966 1
407 2914 517 2985 eadam]
528 2914 626 2967 eodem
636 2919 657 2965 1.
666 2932 700 2967 m.
706 2932 752 2983 pr.
810 2920 825 2966 3
842 2912 1053 2984 hereditarium]
1065 2912 1277 2967 hereditariov.

304 2984 432 3055 stirpem]
453 2988 578 3054 styrpem
597 2991 625 3038 P.
691 2984 872 3055 teonclave]
893 2985 1056 3038 canelauem
1075 2989 1104 3037 P.
1170 2983 1333 3037 'lobseran'

303 3058 473 3111 Palmariua:
494 3056 638 3110 obseruari
656 3061 686 3109 Δ.
761 3061 777 3110 8
797 3056 976 3109 Ptolomaeus
994 3058 1106 3124 amabat:
1130 3054 1292 3123 ptolomeus
1310 3060 1332 3108 P

303 3146 338 3182 m.
358 3145 403 3195 pr.
425 3132 461 3194 V,
487 3127 666 3196 ptholomeus
693 3132 771 3180 BLP.
882 3127 1061 3197 adiunxerat]
1089 3127 1274 3180 adiuncxcrat
1299 3132 1331 3180 V.

305 3198 451 3269 9cohors]
472 3199 570 3253 choors
585 3204 615 3251 V.
671 3198 760 3267 haud]
775 3201 825 3251 aut
840 3205 867 3251 P.
924 3217 941 3251 a
959 3199 1014 3269 tot]
1034 3200 1070 3251 ad
1085 3201 1129 3252 tot
1143 3203 1173 3251 V.
1231 3198 1332 3251 11111-

304 3270 399 3340 patus]
421 3270 541 3338 stipatos
561 3277 589 3323 P.
662 3268 820 3323 satellitum
852 3269 1012 3323 satellicum
1026 3276 1054 3324 P.
1130 3275 1162 3323 12
1181 3268 1255 3322 ibat:
1276 3269 1331 3322 ita-

305 3342 489 3409 que-smper
509 3341 654 3409 iratusque
674 3346 704 3393 Δ.
766 3341 817 3394 hos
849 3341 902 3394 hoc
920 3348 949 3407 P,
968 3358 999 3394 os
1018 3345 1088 3395 Vm.
1099 3358 1146 3409 pr.
1212 3344 1245 3392 13
1265 3339 1330 3405 Sed,

304 3412 354 3482 qui
371 3419 397 3465 1:
418 3412 497 3480 sequi
517 3420 543 3476 0,
563 3412 642 3480 sequi
662 3412 711 3480 qui
730 3418 758 3464 P.
834 3418 866 3465 14
886 3412 1041 3483 iaciebant]
1059 3412 1191 3465 iacebant
1209 3416 1238 3472 1²,
1259 3410 1331 3465 iaci-

303 3484 374 3537 bant
392 3489 423 3549 V,
443 3483 577 3537 iaaebant
596 3490 663 3537 Lm.
674 3502 720 3553 pr.
796 3488 829 3535 15
849 3484 984 3554 demptis]
1004 3483 1098 3538 dentis
1116 3489 1144 3535 P.
1220 3487 1252 3535 16
1273 3498 1330 3550 eos,

304 3555 353 3624 qui
372 3560 404 3608 P:
425 3555 476 3621 qui
496 3561 521 3607 c.
597 3561 629 3607 17
650 3554 779 3625 coepere]
799 3556 982 3622 11911111.Ι
1047 3560 1081 3608 18
1100 3552 1247 3624 Perdicca]
1265 3569 1330 3622 per-

284 3664 286 3666 »
304 3627 368 3681 dica
386 3632 414 3679 P.
525 3632 558 3679 19
577 3626 681 3697 fecere]
703 3626 797 3680 facere
816 3632 883 3678 Par.
895 3644 940 3694 pr.
1047 3625 1205 3696 Meleagro]
1225 3624 1330 3679 melea-

304 3716 385 3769 grum
399 3703 430 3750 V.
539 3698 586 3768 ne]
605 3713 650 3750 me
669 3702 700 3751 V,
812 3703 845 3750 20
866 3697 1054 3767 discederent]
1079 3695 1281 3751 descenderent
1300 3703 1329 3751 P.

304 3775 338 3823 22
362 3768 538 3839 Perdiccam]
562 3768 707 3837 perdicam
726 3775 746 3820 t
765 3787 799 3822 m.
811 3786 856 3836 pr.
954 3774 988 3821 24
1007 3768 1154 3838 Perdicca]
1173 3766 1290 3836 perdica
1309 3773 1330 3827 Ι.

304 3860 338 3896 m.
349 3858 394 3909 pr.
468 3840 592 3911 pedites]
611 3840 716 3909 petitas
736 3847 762 3893 P.
904 3857 908 3864 ·

523 4107 633 4139 Α
