3150 4459
302 432 369 496 334
681 429 713 496 Q.
732 430 843 485 OURTI
860 429 947 484 RUFI

266 597 470 661 4t0ritatem
508 594 611 678 ipsius
647 592 873 677 sequebantur.
933 592 1019 658 Huio
1058 592 1167 659 Biton
1211 594 1337 677 quidam

304 685 446 749 nationis
477 683 633 767 eiusdem,
663 683 719 748 sed
749 683 791 747 ob
820 682 1071 747 aemulationem
1093 682 1249 748 infestus
1273 703 1337 747 oon-

303 774 430 858 paravit
465 772 599 837 insidias
629 772 868 855 invitatumque
896 772 936 835 ad
967 770 1080 855 epulas
1111 793 1175 856 per
1210 771 1338 837 Boxum

268 862 463 946 squendam
486 861 696 926 Bactrianum
718 862 754 925 in
777 860 926 925 convivio
951 860 1077 926 oeoidit.
1121 857 1271 926 Postero
1294 860 1338 924 die

303 952 455 1018 contione
485 950 641 1015 advocata
662 949 739 1015 Bito
769 952 858 1015 ultro
888 948 1076 1015 insidiatum
1099 948 1167 1013 sibi
1194 949 1365 1015 Athenai

304 1041 418 1106 dorum
451 1039 615 1124 plerisque
648 1043 864 1122 persuaserat:
897 1038 954 1103 sed
981 1038 1053 1103 aliis
1081 1042 1245 1121 suspecta
1275 1042 1340 1103 erat

302 1130 392 1195 fraus
424 1129 566 1213 Bitonis,
599 1133 632 1193 et
662 1127 820 1211 paulatim
852 1129 888 1191 in
918 1126 1029 1212 plures
1061 1128 1172 1211 eoepit
1206 1149 1340 1192 manare

254 1236 285 1290 ,e
306 1218 456 1302 suspicio.
502 1216 617 1301 ltaque
641 1215 752 1281 Graeci
780 1216 901 1282 milites
924 1239 1014 1281 arma
1037 1216 1172 1300 capiunt
1198 1218 1341 1283 ooeiaun'

305 1307 466 1391 Bitonem,
490 1308 516 1372 si
540 1310 669 1370 daretur
693 1306 836 1371 oooasio:
866 1310 1009 1372 aeterum
1031 1305 1200 1389 principes
1227 1328 1340 1371 eornm

212 1471 215 1477 Α
269 1396 385 1461 airam
415 1395 635 1460 multitudinis
666 1395 905 1480 mitigaverunt.
955 1393 1088 1458 Praeter
1116 1415 1216 1477 spem
1251 1417 1369 1463 suamn

303 1485 402 1550 Biton
434 1485 598 1569 praesenti
627 1485 773 1568 periculo
804 1489 933 1567 ereptus
959 1484 1057 1568 paulo
1084 1486 1238 1567 postest
1266 1484 1342 1549 insi-

305 1575 412 1638 diatus
436 1573 623 1638 auctoribus
649 1574 764 1638 salutis
788 1595 873 1638 suae.
921 1570 1020 1637 Cuius
1043 1572 1118 1636 dolo
1143 1574 1287 1657 cognito
1312 1578 1343 1638 et

269 1665 413 1747 sipsum
446 1662 745 1746 conprehenderunt
777 1667 810 1727 et
837 1662 973 1726 Boxum.
1030 1659 1180 1725 Ceterum
1208 1660 1343 1727 Boxum

304 1752 454 1837 protinus
473 1751 596 1837 placuit
616 1752 764 1836 interfici,
787 1751 938 1815 Bitonem
958 1750 1057 1815 etiam
1074 1771 1133 1834 per
1152 1752 1343 1817 cruciatum

304 1844 419 1906 necari.
465 1839 599 1924 Iamque
623 1841 751 1925 corpori
775 1844 939 1904 tormenta
961 1838 1237 1925 admovebantur,
1268 1862 1372 1908 ouma

306 1929 419 1995 Graeci
448 1969 491 1977 -
519 1931 693 2014 incertum,
726 1930 767 1994 ob
802 1951 899 2013 quam
932 1949 1061 1993 eausam
1085 1928 1343 2014 -lymphatis

270 2036 286 2084 9
306 2019 428 2085 similes
452 2020 493 2083 ad
516 2042 606 2084 arma
624 2019 817 2084 discurrunt.
855 2017 1000 2094 Quorum
1018 2016 1152 2081 fremitu
1172 2019 1344 2103 exaudito,

306 2110 363 2192 qui
386 2113 537 2192 torquere
553 2108 703 2172 Bitonem
728 2108 809 2171 iussi
833 2111 933 2189 erant,
957 2108 1094 2172 omisere
1111 2106 1222 2189 veriti,
1249 2130 1293 2173 ne
1311 2110 1344 2173 id

253 2214 287 2262 10
306 2199 411 2263 faeere
430 2197 700 2262 tumultuantium
719 2197 950 2261 vociferatione
969 2194 1233 2280 prohiberentur.
1275 2196 1345 2281 Ille,

307 2288 391 2350 siout
415 2287 555 2351 nudatus
579 2290 656 2370 erat,
679 2286 827 2370 pervenit
851 2285 891 2349 ad
911 2283 1059 2368 Graecos,
1082 2287 1115 2346 et
1137 2283 1375 2353 miserabilisa

306 2376 404 2440 facies
434 2375 596 2460 supplicio
627 2375 780 2438 destinati
807 2376 843 2438 in
866 2374 1029 2437 diversum
1053 2372 1178 2436 animos
1201 2381 1346 2459 repente

254 2481 287 2529 11
307 2464 459 2547 mutavit,
487 2464 674 2547 dimittique
697 2486 770 2528 eum
796 2464 967 2528 iusserunt.
1013 2461 1086 2526 Hoc
1108 2461 1205 2527 modo
1234 2486 1347 2547 poena

306 2554 357 2618 bis
380 2554 536 2617 liberatus
561 2574 634 2617 oum
658 2553 782 2636 ceteris,
809 2553 865 2635 qui
889 2551 1033 2617 colonias
1057 2574 1076 2615 a
1098 2572 1174 2635 rege
1198 2555 1348 2618 attribu-

218 2671 220 2676 ’
306 2648 356 2707 tas
379 2643 590 2726 reliquerunt,
613 2642 746 2706 revertit
769 2642 804 2705 in
822 2641 970 2725 patriam.
1008 2639 1098 2704 Haeo
1117 2639 1204 2704 eirea
1218 2640 1347 2708 Baetra

380 2895 394 2943 1
415 2889 499 2942 Biton
513 2890 625 2958 serspsi:
645 2888 729 2942 bicon
747 2893 778 2941 A.
835 2894 850 2939 2
871 2886 998 2941 eiusdem
1012 2893 1045 2940 P:
1066 2886 1126 2940 eius
1141 2891 1166 2937 0.
1230 2892 1250 2941 4
1272 2889 1348 2945 Bae-

307 2961 432 3014 trianum
442 2962 597 3015 Bentleiaa:
612 2960 805 3013 macerianum
814 2963 846 3013 A.
891 2957 922 3011 in
943 2963 1033 3012 oran.
1085 2956 1348 3030 toontione]oon-

309 3032 389 3087 aione
398 3037 429 3085 V.
485 3031 549 3097 Bito
565 3033 724 3100 Zumptius:
739 3030 804 3084 bioo
818 3035 849 3083 A.
931 3029 1072 3155 tropultra
1080 3033 1109 3083 1..
1160 3028 1347 3101 tsed]se1..

310 3110 324 3157 7
344 3103 432 3174 fraus]
452 3102 563 3157 francos
582 3109 610 3156 P.
665 3102 776 3155 Bitonis
795 3102 957 3169 Zumptiaa:
997 3098 1287 3164 ieonis0‚'bioois1².

308 3174 414 3245 plures]
424 3174 516 3243 pleres
526 3179 547 3226 Ρ
556 3192 591 3229 nr.
597 3191 642 3245 pr.
680 3174 807 3244 manare]
817 3188 930 3226 manere
939 3178 967 3225 P.
1006 3177 1021 3224 9
1032 3170 1162 3224 Bitonem
1171 3171 1347 3239 Ztempte'as:

308 3245 403 3301 biooni
423 3245 624 3309 c,biooani1’.
680 3246 806 3298 ceterum
820 3244 982 3299 Acidalias:
1002 3242 1089 3297 aeteri
1107 3248 1139 3296 A.
1196 3247 1227 3294 11
1251 3243 1348 3301 Biton

308 3318 420 3386 scripsi:
440 3317 523 3371 bicon
539 3322 568 3369 A.
639 3316 765 3387 ereptus]
784 3318 901 3383 eruptus
919 3320 940 3367 B
959 3333 994 3369 m·
1009 3332 1054 3383 pr.
1122 3311 1348 3373 estinsidiatus

308 3390 420 3457 scripsi:
439 3388 591 3441 insidiatus
606 3393 636 3439 A.
719 3392 753 3441 14
766 3386 897 3440 Bitonem
917 3386 1078 3455 Zamptiaa:
1102 3384 1231 3438 bisonem
1251 3391 1287 3439 A.

310 3460 476 3531 cruciatum]
496 3460 650 3513 orutiatum
667 3465 695 3511 1..
767 3463 799 3512 16
820 3456 1045 3581 Graeciqgraeti
1062 3463 1092 3511 Ι..
1164 3460 1196 3507 1‘1
1217 3455 1346 3533 similes]

309 3530 412 3585 similis
430 3536 458 3584 P.
547 3536 580 3583 18
599 3530 731 3584 Bitonem
749 3530 910 3598 bonaplius:
950 3528 1059 3582 iconem
1078 3532 1108 3580 A
1163 3526 1234 3580 iussi
1256 3534 1349 3585 erant

309 3609 383 3655 Lm.
401 3619 466 3656 ree:
496 3601 637 3655 iusserant
659 3607 689 3655 A.
801 3606 835 3653 20
858 3599 1029 3654 miserabilis
1051 3605 1079 3653 1:
1102 3597 1284 3653 miserabiles
1310 3608 1345 3657 A.

310 3679 343 3727 al
364 3672 515 3744 supplicio]
531 3672 668 3742 supplitio
682 3678 711 3725 L.
766 3678 801 3725 22
821 3671 995 3742 dimittique]
1011 3670 1160 3738 dimitique
1174 3673 1287 3726 nstv,

309 3745 412 3815 poena]
431 3762 506 3813 pena
523 3750 552 3797 P.
644 3749 679 3797 23
697 3742 753 3816 bis]
776 3742 844 3796 bilis
863 3747 890 3795 1³.
985 3740 1150 3811 attributas]
1175 3740 1347 3802 adtributas

310 3821 394 3882 BH,
414 3815 574 3869 adtributos
593 3821 661 3868 Pin.
676 3832 718 3884 pr.
812 3820 845 3867 24
864 3813 953 3885 Haeo]
973 3829 1005 3868 eo
1024 3819 1053 3867 r.
