3150 4459
285 426 351 490 266
664 425 696 491 Q.
715 425 825 481 CURTI
843 426 930 480 RUFI

286 612 359 654 cum
387 590 529 674 undique
554 590 758 674 tempestatis
781 590 936 655 violentia
959 590 1075 673 maior,
1111 613 1221 674 quam
1247 594 1323 659 vita-

250 678 395 763 sbatur,
428 683 616 743 occurreret.
662 680 750 765 Ergo
780 679 947 744 ordinibus
976 680 1094 744 solutis
1123 703 1191 764 per
1216 687 1324 748 totum

286 768 404 833 saltum
434 770 650 833 errabundum
678 790 795 855 agmen
823 770 999 853 ferebatur,
1032 770 1205 854 multique
1233 773 1324 857 prius

286 861 375 922 metu
403 879 498 941 quam
528 857 639 924 labore
667 858 835 944 defetigati
862 862 1104 943 prostraverant
1127 858 1232 925 humi
1258 883 1325 927 cor·

285 970 373 1031 pora,
397 970 592 1031 quamquam
616 948 752 1011 imbrem
772 949 821 1012 vis
840 947 972 1033 frigoris
991 950 1143 1013 concreto
1165 950 1252 1035 gelu
1273 952 1325 1017 ad·
1346 978 1354 1016 r

250 1036 467 1103 astrinxerat.
513 1035 581 1100 Alii
605 1058 638 1099 se
662 1035 830 1121 stipitibus
854 1037 1006 1101 arborum
1029 1037 1269 1105 admoverant:
1293 1040 1324 1105 id

249 1126 434 1210 splurimis
462 1129 495 1189 et
522 1125 752 1190 adminiculum
782 1130 815 1190 et
837 1126 1012 1211 suffugium
1037 1129 1114 1191 erat.
1166 1126 1247 1193 Nec
1267 1130 1325 1195 fal-

284 1215 373 1280 lebat
399 1217 488 1299 ipsos
512 1216 609 1280 morti
632 1218 738 1279 locum
763 1216 882 1301 eligere
905 1236 945 1298 se,
975 1236 1048 1279 cum
1071 1215 1253 1283 inmobilis
1279 1220 1325 1284 vi-

285 1304 360 1368 talis
384 1304 471 1371 calor
494 1304 667 1387 linqueret:
692 1306 746 1368 sed
770 1308 863 1390 grata
886 1309 954 1369 crat
977 1304 1112 1388 pigritia
1135 1326 1324 1391 corporum

284 1394 439 1479 fatigatis,
462 1414 521 1457 nec
543 1394 734 1458 recusabant
758 1394 906 1480 extingui
930 1393 1132 1478 quiescendo.
1186 1395 1324 1483 Quippe
1337 1425 1357 1465 a

285 1506 350 1548 non
373 1484 546 1547 vehemens
570 1484 681 1566 modo,
713 1483 769 1547 sed
793 1484 891 1549 etiam
914 1483 1063 1566 pertinax
1086 1482 1136 1546 vir
1161 1485 1250 1549 mali
1277 1489 1324 1552 in·

285 1572 433 1654 sistebat,
461 1575 644 1656 lucemque,
674 1575 820 1637 naturale
844 1572 1014 1653 solacium,
1037 1575 1167 1656 praeter
1193 1579 1324 1661 tempe-

285 1666 400 1727 statem
432 1661 519 1725 haud
549 1662 710 1744 disparem
742 1662 831 1725 nocti
862 1661 1015 1726 silvarum
1039 1681 1172 1745 quoque
1198 1666 1324 1731 umbra

249 1755 514 1835 esuppresserat.
560 1751 630 1815 Rex
658 1773 741 1816 unus
770 1753 853 1815 tanti
882 1750 960 1815 mali
987 1752 1115 1834 patiens
1138 1751 1323 1820 circumire

284 1841 414 1923 milites,
434 1840 622 1905 contrahere
641 1842 813 1925 dispersos,
835 1841 981 1905 adlevare
994 1843 1187 1924 prostratos
1209 1848 1322 1908 osten-
1336 1870 1356 1911 a

285 1931 359 1995 dere
391 1932 506 2014 procul
533 1932 698 1995 evolutum
727 1952 767 1994 ex
795 1930 935 2016 tuguriis
963 1930 1088 1993 fumum
1111 1929 1321 2017 hortarique,

233 2042 265 2090 10
284 2023 322 2083 ut
344 2020 493 2103 proxima
516 2042 661 2103 quaeque
681 2020 821 2103 suffugia
840 2021 1044 2103 occuparent.
1080 2017 1151 2083 Nec
1170 2023 1243 2085 ulla
1267 2045 1320 2087 res

285 2110 390 2194 magis
414 2107 510 2173 saluti
534 2109 610 2189 fuit,
639 2130 735 2191 quarn
760 2109 846 2193 quod
870 2107 1085 2191 multiplicato
1109 2106 1226 2173 labore
1251 2112 1322 2176 suf-

284 2198 445 2262 ficientem
478 2198 586 2280 malis,
617 2198 688 2278 qais
719 2198 783 2281 ipsi
816 2201 989 2281 cesserant,
1020 2217 1130 2282 regern
1164 2197 1320 2265 deserere

232 2310 263 2359 11
285 2287 523 2351 erubescebant.
561 2286 710 2351 Ceterum
734 2287 896 2353 efficacior
918 2286 953 2351 in
972 2285 1114 2351 adversis
1133 2289 1319 2354 necessitas
1336 2297 1363 2351 lt

285 2399 382 2460 quam
411 2377 494 2440 ratio
523 2376 654 2462 frigoris
682 2376 859 2441 remedium
888 2376 1024 2439 invenit:
1055 2375 1200 2441 dolabris
1225 2379 1353 2445 enimn

285 2467 382 2531 silvas
403 2469 544 2530 sternere
563 2465 707 2551 adgressi
726 2465 847 2549 passim
868 2487 998 2530 acervos
1018 2468 1185 2549 struesque
1200 2489 1319 2533 accen-

232 2578 265 2625 12
285 2556 408 2620 derunt.
448 2553 633 2619 Continenti
657 2555 806 2619 incendio
830 2555 940 2618 ardere
964 2554 1109 2619 crederes
1133 2555 1257 2621 saltum
1284 2562 1318 2622 et
1395 2623 1398 2634 ,

285 2645 339 2710 vix
358 2645 442 2709 inter
460 2645 605 2709 flammas
625 2644 809 2730 agminibus
828 2644 976 2708 relictum
994 2644 1111 2709 locum.
1142 2642 1209 2708 Hic
1223 2645 1318 2712 calor

285 2733 448 2818 stupentia
463 2734 606 2798 membra
620 2734 805 2816 commovit,
818 2733 1039 2817 paulatimque
1054 2732 1198 2817 spiritus,
1214 2757 1316 2818 quem
1331 2763 1354 2803 a

232 2847 265 2895 13
285 2824 487 2888 continuerat
510 2823 608 2907 rigor,
631 2845 737 2887 meare
760 2823 861 2886 libere
885 2823 999 2906 coepit.
1036 2822 1204 2905 Excepere
1229 2825 1316 2889 alios
1395 2823 1399 2886 ἶ

284 2916 370 2978 tecta
397 2911 621 2995 barbarorum,
654 2934 735 2996 quae
764 2912 798 2976 in
821 2911 936 2976 ultimo
961 2911 1044 2975 saltu
1070 2910 1180 2975 abdita
1202 2934 1316 2979 neces-

285 3002 363 3067 sitas
387 3001 647 3087 investigaverat,
669 3001 750 3066 alios
774 3005 888 3085 castra,
919 3023 1000 3084 quae
1023 3000 1058 3064 in
1080 2999 1216 3066 humido
1241 3004 1315 3086 qui-

284 3092 366 3174 dem,
386 3091 442 3156 sed
460 3090 524 3155 ianr
544 3091 623 3156 caeli
642 3092 830 3156 mitescente
850 3090 984 3155 saevitia
1001 3091 1199 3155 locaverunt.
1234 3089 1315 3157 Duo

284 3180 375 3245 milia
406 3180 548 3244 militum
581 3185 678 3263 atque
709 3180 849 3245 lixarum
881 3180 1095 3264 calonumque
1122 3178 1225 3262 pestis
1254 3181 1315 3247 illa
1328 3208 1353 3249 so

356 3390 546 3463 adeletigati]
557 3391 697 3461 delitigati
706 3398 734 3445 Ρ.
791 3396 807 3445 8
823 3390 939 3461 eligere]
950 3390 1057 3461 erigere
1067 3396 1097 3445 V.
1152 3407 1184 3445 se
1198 3391 1312 3447 addidi.

285 3469 300 3517 9
320 3464 414 3534 grata]
430 3463 523 3532 gratia
537 3469 556 3515 1³
570 3481 605 3516 m.
616 3481 661 3531 pr.
736 3468 768 3516 19
788 3463 881 3528 malis,
900 3465 976 3531 quis
993 3463 1104 3532 scripsi:
1124 3461 1207 3515 malis
1223 3466 1254 3516 Δ.

285 3535 439 3606 cesserant]
467 3536 610 3588 cessarant
628 3540 649 3587 r
665 3553 699 3588 m.
711 3554 756 3604 pr.
868 3539 901 3587 20
921 3534 1074 3605 efficacior]
1094 3532 1234 3587 efficatior
1252 3541 1310 3589 Pv.

285 3612 318 3659 22
339 3606 497 3677 struesque]
517 3611 699 3674 strenuesque
713 3612 741 3659 Ρ.
811 3612 844 3659 27
865 3604 975 3676 abdita]
996 3606 1095 3659 addita
1109 3611 1137 3658 F.
1203 3610 1238 3658 28
1258 3606 1312 3660 hu-

283 3678 374 3749 mido]
397 3677 494 3731 umido
514 3684 539 3731 c.
631 3682 664 3730 29
684 3677 734 3731 sed
755 3678 814 3731 iam
833 3683 852 3730 L
871 3694 953 3731 cora:
981 3680 1010 3730 et
1032 3678 1090 3731 iam
1108 3682 1140 3743 Ρ,
1167 3674 1312 3731 setiamL

283 3767 319 3804 m.
330 3768 384 3819 pr„
404 3750 452 3804 sed
473 3749 557 3803 etiam
578 3754 637 3811 BF,
664 3747 688 3802 si
706 3748 764 3803 iam
782 3755 813 3802 v.
899 3749 1065 3809 mitescente
1084 3753 1104 3805 Ia
1123 3764 1205 3808 cora:
1232 3749 1311 3807 miti-

285 3825 380 3879 scento
399 3827 429 3879 A.
521 3821 583 3880 Duo
602 3821 681 3879 milia
700 3822 860 3896 Zampte'us:
880 3839 917 3873 xx
932 3825 962 3878 Δ,
