3150 4459
299 436 365 499 256
679 438 709 503 o.
730 437 944 492 cucusum
1137 535 1140 542 ι
1154 490 1193 551 Χ,

1141 549 1164 577 Ν

244 618 278 664 33
298 600 338 663 ad
362 624 414 666 me
437 602 607 684 pertinent,
631 605 769 665 transeo.
806 602 950 686 Philippi
976 603 1095 665 milites
1119 602 1256 688 spernis,
1272 603 1333 667 ob·

297 690 389 772 litus,
420 691 484 753 nisi
515 690 569 753 hic
592 689 761 771 A-t-arrhias
795 713 892 755 senex
924 692 1065 755 iuniores
1098 713 1245 775 pugnam
1276 693 1334 755 de-

297 782 471 843 trectantes
503 783 697 862 revocasset,
729 780 839 845 adhuc.
867 802 927 845 nos
961 782 1046 845 circa
1073 780 1332 845 Halicarnasum

244 883 277 931 37
297 867 451 933 haesuros
483 869 592 933 fuisse.
644 868 814 945 Quomodo
845 870 946 954 igitur
973 868 1086 934 Asiam
1114 873 1218 933 totam
1249 892 1332 935 cum

297 957 368 1022 istis
392 958 573 1022 iunioribus
598 958 778 1044 subegisti?
801 958 925 1023 Verum
948 962 1066 1042 estut
1086 958 1210 1042 opinor,
1235 960 1332 1042 quod
1362 986 1373 1026 3

296 1050 491 1111 avunculum
525 1052 617 1111 tuum
650 1048 685 1111 in
707 1046 803 1112 Italia
835 1048 954 1112 dixisse
982 1053 1122 1131 constat,
1154 1049 1261 1132 ipsum
1294 1050 1332 1112 in

243 1151 277 1197 38
296 1137 384 1200 viros
409 1136 572 1219 incidisse,
604 1140 637 1200 te
660 1137 694 1199 in
717 1137 875 1202 feminas?
922 1136 1015 1201 Nihil
1038 1160 1077 1201 ex
1102 1136 1253 1202 omnibus
1280 1138 1365 1202 in-5

296 1228 442 1289 consulte
466 1247 503 1290 ac
526 1230 648 1291 temere
676 1226 768 1292 iactis
793 1247 902 1312 regem
925 1227 1029 1312 magis
1053 1230 1198 1291 moverat
1223 1249 1330 1309 quam

296 1314 517 1379 Parmenionis
537 1336 611 1379 cum
630 1315 753 1379 honore
771 1317 894 1380 mentio
910 1315 1018 1380 inlata.
1042 1314 1196 1380 Dolorem
1213 1319 1331 1381 tamen

242 1419 275 1466 39
296 1406 458 1487 repressit,
478 1408 649 1470 contentus
669 1405 809 1488 iussisse,
829 1409 865 1469 ut
883 1406 1032 1469 convivio
1052 1405 1228 1469 excederet.
1252 1404 1330 1470 Nec
1346 1436 1372 1473 10

297 1494 469 1576 quicquam
498 1493 586 1557 aliud
609 1494 726 1557 adiecit
749 1516 846 1577 quam
870 1495 1009 1558 forsitan
1033 1517 1115 1577 eum,
1146 1494 1173 1557 si
1198 1494 1330 1559 diutius

180 1631 222 1698 ῃ
295 1585 431 1688 locptus
456 1584 555 1665 foret,
586 1584 858 1667 exprobraturum
888 1584 948 1647 sibi
981 1584 1082 1647 fuisse
1106 1584 1205 1647 vitam
1232 1606 1250 1645 a
1276 1606 1329 1648 se-

180 1686 276 1748 ,Λο
294 1667 432 1760 meltipso
456 1673 578 1736 datam:
602 1673 664 1736 hoc
688 1673 773 1737 enim
797 1672 934 1757 superbe
959 1695 1052 1757 saepe
1077 1674 1219 1737 iactasse.
1264 1672 1329 1737 At-

296 1770 362 1844 que'
390 1762 483 1826 illum
512 1765 715 1826 cunctantem
739 1762 845 1826 adhuc
869 1784 1013 1847 surgere,
1047 1762 1103 1846 qui
1127 1760 1268 1845 proximi
1296 1765 1328 1827 ei

295 1850 480 1933 cubuerant,
505 1851 631 1914 iniectis
660 1851 810 1916 manibus
833 1852 999 1937 iurgantes
1019 1854 1250 1934 monentesque
1271 1873 1328 1915 co·
1344 1880 1369 1921 15

241 1954 274 2001 41
294 1939 456 2003 nabantur
470 1940 638 2005 abducere.
666 1938 770 2004 Clitus
790 1962 864 2004 cum
883 1932 1133 2024 abstraheretur,
1153 1939 1193 2003 ad
1211 1941 1327 2023 pristi-

294 2052 369 2092 nam
402 2029 614 2093 vinolentiam
646 2030 695 2093 ira
721 2051 850 2113 quoque
874 2026 998 2094 adiecta
1022 2052 1080 2093 suo
1096 2033 1236 2114 pectore
1258 2033 1327 2094 ter-

294 2141 373 2203 gum
396 2118 484 2183 illius
508 2140 577 2182 esse
598 2119 775 2203 defensum,
798 2141 892 2201 nunc,
916 2124 1013 2203 postq
1038 2118 1192 2229 33333333
1211 2120 1326 2183 meriti

294 2207 497 2290 praeterierit
515 2212 652 2291 tempus,
672 2209 768 2271 etiam
789 2211 980 2272 memoriam
998 2142 1137 2292 iAlvidain
1159 2229 1228 2271 esse
1248 2231 1326 2291 pro-

241 2310 274 2357 33
295 2299 421 2361 clamat.
469 2296 572 2361 Attali
606 2319 735 2381 quoque
768 2298 897 2361 caedem
929 2298 1090 2362 obiciebat
1127 2301 1159 2360 st
1182 2296 1223 2359 ad
1245 2299 1325 2361 ulti-
1340 2327 1369 2366 ao

294 2408 384 2449 mum
398 2384 495 2469 Iovis,
518 2408 615 2470 quem
638 2391 762 2469 patrem
783 2387 845 2451 sibi
860 2386 1042 2451 Alexander
1061 2387 1231 2470 adsereret,
1251 2407 1325 2451 ora-

294 2477 402 2539 culum
441 2476 588 2540 eludens.
611 2476 737 2539 veriora
774 2499 808 2540 se
845 2477 915 2561 regi
952 2498 1050 2559 quam
1087 2479 1211 2560 patrem
1251 2475 1324 2540 eius

241 2578 275 2624 33
294 2564 498 2648 respondisse
523 2564 690 2629 dicebatu2
704 2564 774 2629 lam
799 2569 927 2629 tantum
951 2566 1017 2630 irae
1041 2569 1231 2648 conceperat
1254 2587 1324 2648 rex,

295 2658 452 2737 quantum
480 2653 534 2718 vix
565 2654 693 2718 sobrius
717 2655 801 2719 ferre
825 2656 993 2738 potuisset.
1040 2654 1215 2718 Enimvero
1240 2655 1322 2719 olirn

240 2758 275 2803 33
294 2765 383 2807 mero
408 2743 555 2807 sensibus
578 2745 674 2807 victis
698 2766 737 2807 ex
760 2747 844 2808 lecto
867 2749 998 2827 repente
1022 2744 1182 2827 prosiluit.
1225 2742 1323 2808 Atto·
1340 2771 1367 2811 33

293 2833 355 2896 niti
379 2834 476 2896 amici
498 2855 539 2897 33
562 2833 678 2916 positis
704 2833 846 2916 quidem,
870 2835 925 2898 sed
949 2833 1083 2897 abiectis
1103 2833 1228 2915 poculis
1246 2853 1323 2897 con-

294 2913 458 3007 surgunt}
465 2922 500 2985 in
528 2927 677 2987 eventum
708 2923 768 3006 rei,
802 2945 899 3006 quam
923 2927 1015 2986 tanto
1039 2924 1163 3007 impetu
1187 2924 1323 2986 acturus

240 3025 275 3071 33
294 3015 386 3095 esset,
410 3012 535 3075 intenti.
578 3011 762 3075 Alexander
784 3014 879 3095 rapta
900 3014 1013 3076 lancea
1036 3034 1075 3076 ex
1098 3011 1248 3075 manibus
1272 3034 1323 3075 ar-

366 3192 382 3240 2
401 3186 550 3240 Atarrhias
569 3188 680 3255 scrrpsi:
701 3186 841 3241 atharrias
860 3192 891 3240 A.
1004 3188 1194 3241 detrectantes
1213 3187 1322 3241 Aldus:

294 3258 486 3312 detractantes
500 3263 530 3312 A.
587 3265 603 3311 3
618 3258 834 3313 Halicarnasum
850 3257 1160 3313 0:halicamassum1’.
1216 3264 1232 3311 4
1252 3257 1323 3312 hae-

294 3330 384 3401 suros]
409 3347 505 3383 esuros
528 3336 581 3384 1.1³.
672 3332 763 3383 totam
785 3331 941 3386 Bcatlcr‘us:
971 3330 1056 3383 etiam
1078 3335 1109 3383 A.
1202 3328 1321 3385 33333-

294 3400 362 3469 gisti
381 3408 406 3455 1:
427 3402 573 3455 subiecisti
591 3406 621 3454 A.
694 3401 1071 3456 31333333333333-3333
1089 3406 1119 3454 A.
1187 3399 1322 3454 'lincon-

294 3472 379 3543 sulte]
399 3473 525 3526 consulte
544 3478 564 3525 Β
583 3492 618 3527 m.
635 3491 680 3541 pr.
790 3478 806 3527 8
826 3474 932 3527 temere
951 3473 1047 3543 iactis]
1071 3475 1177 3527 temere
1199 3471 1271 3525 actis
1291 3478 1322 3538 Ρ,

293 3544 483 3616 temerieactis
503 3550 533 3598 V.
589 3551 604 3598 3
625 3544 831 3615 Parmenionis]
850 3544 1058 3613 parmoenionia
1075 3550 1154 3596 ΠΡ.
1209 3546 1321 3615 tamen]

293 3618 351 3669 tam
366 3621 394 3669 Ρ.
458 3622 491 3669 10
510 3615 644 3685 repressit
658 3617 819 3671 Acidaliae:
840 3634 889 3670 rex
903 3616 1006 3685 pressit
1019 3620 1050 3669 A.
1104 3621 1147 3673 Ι16
1167 3615 1321 3687 abducere]

294 3687 434 3741 adducere
448 3693 504 3741 Π.
561 3686 650 3741 Clitus
664 3694 690 3741 12
706 3687 798 3756 clytus
813 3692 843 3742 A.
901 3693 933 3741 17
949 3685 1133 3741 vinolentiam
1149 3686 1320 3742 Frobeaius:

293 3758 458 3812 violentiam
475 3764 505 3811 A.
581 3765 613 3811 19
635 3759 814 3828 praeterierit
832 3765 864 3813 P:
889 3759 1038 3828 praeteriit
1057 3766 1082 3812 c.
1157 3764 1190 3811 26
1209 3773 1245 3809 ne
1269 3776 1321 3827 po-

294 3830 367 3901 sitis]
391 3847 479 3898 nepos
504 3830 566 3884 sitis
585 3836 605 3882 P
624 3848 658 3883 m.
674 3848 720 3899 pr.
795 3835 828 3884 28
848 3831 963 3901 intenti]
983 3829 1142 3897 intentique
1161 3834 1230 3883 Bm.
1242 3848 1302 3897 pr„
