3150 4459
450 457 703 517 msroanaon
722 454 1011 531 sanxeramus,
1031 455 1095 518 61.
1239 448 1281 527 dt

256 648 399 713 rumque
428 626 573 713 gentium
609 627 707 692 militi
735 628 841 692 minor
869 650 966 712 quam
997 628 1172 692 domestico
1203 628 1282 692 fides

257 717 451 783 habebatur.

221 814 244 869 t)
331 805 486 893 Aegyptii
515 805 592 871 olim
616 804 785 872 Persarum
811 807 927 892 opibus
955 807 1071 870 infensi
1095 845 1136 852 -
1162 806 1282 891 quippe
1296 812 1348 867 VH

261 918 358 961 avare
387 900 419 959 et
446 896 584 980 superbe
611 897 833 980 imperitatum
863 897 925 961 sibi
953 918 1022 960 esse
1046 896 1218 960 credebant
1240 933 1285 941 -

231 987 305 1052 aad
334 1008 423 1069 spem
450 984 606 1049 adventus
634 986 703 1050 eius
731 989 899 1050 erexerant
927 988 1064 1069 animos,
1092 989 1205 1070 utpote
1229 984 1284 1068 qui

262 1075 443 1159 Amyntam
462 1095 591 1158 quoque
609 1076 812 1160 transfugam
836 1080 868 1139 61
891 1096 965 1139 cum
984 1076 1128 1159 precario
1148 1074 1284 1159 imperio

262 1165 447 1229 venientem
475 1163 552 1228 laeti
581 1164 785 1247 recepissent.
832 1162 939 1250 Igitur
967 1165 1082 1250 ingens
1109 1162 1320 1228 multitudoa

263 1253 442 1337 Pelusium,
461 1275 525 1337 qua
538 1256 717 1318 intraturus
731 1253 910 1338 videbatur,
929 1258 1132 1319 convenerat.
1179 1252 1286 1337 Atque

265 1344 322 1409 ille
346 1344 485 1427 septimo
509 1343 569 1427 die,
597 1347 769 1427 postquam
793 1366 812 1406 a
836 1340 919 1408 (tana
943 1344 1051 1427 copias
1075 1347 1229 1427 moverat,
1252 1344 1286 1405 in

220 1460 251 1500 1⁰
266 1434 432 1517 regionem
461 1430 618 1517 Aegypti,
649 1455 746 1516 quam
774 1455 860 1497 nunc
889 1431 1001 1497 Castra
1028 1432 1206 1496 Alexandri
1233 1455 1288 1496 vo-

267 1525 358 1605 cant,
390 1523 545 1605 pervenit.
596 1520 720 1586 Deinde
752 1522 955 1607 pedestribus
988 1522 1091 1606 copiis
1123 1521 1325 1586 Pelusium3

267 1616 377 1698 petere
400 1610 497 1675 iussis
520 1611 589 1694 ipse
616 1633 689 1676 cum
709 1612 859 1694 expedita
877 1612 1075 1677 delectorum
1095 1634 1193 1675 manu
1210 1609 1288 1675 Nilo

268 1723 361 1766 amne
379 1703 490 1765 vectus
509 1705 566 1765 est.
612 1699 682 1764 Nec
700 1701 882 1765 sustinuere
897 1702 1070 1765 adventum
1091 1702 1159 1765 eius
1172 1700 1289 1764 Persae

269 1790 450 1857 defectione
487 1811 616 1873 quoquc
653 1791 826 1875 perterriti.
885 1789 1017 1874 Iamque
1053 1790 1139 1855 haud
1176 1791 1325 1874 procula

226 1906 254 1947 16
270 1880 417 1965 Memphi
447 1883 527 1943 erat:
560 1881 595 1943 in
627 1880 717 1943 cuius
748 1880 946 1964 praesidium
977 1879 1130 1962 Mazaces,
1161 1883 1291 1963 praetor

269 1970 377 2054 Darei,
395 1968 527 2033 relictus
547 1972 663 2053 sponte
681 1991 774 2033 amne
795 1973 944 2054 superato
965 1970 1150 2054 octingenta
1169 1968 1291 2032 talenta

270 2058 457 2124 Alexandro
495 2080 687 2142 omnemque
724 2060 847 2144 regiam
880 2058 1114 2143 supellectilem
1149 2058 1289 2121 tradidit.

269 2149 301 2214 A
320 2147 464 2232 Memphi
489 2148 601 2212 eodem
621 2147 754 2211 flumine
776 2152 887 2213 vectus
911 2148 951 2212 ad
975 2148 1131 2211 interiora
1148 2147 1290 2232 Aegypti
1310 2164 1325 2210 6

270 2241 420 2323 penetrat
450 2237 692 2321 conpositisque
723 2237 819 2302 rebus
850 2237 906 2320 ita,
936 2241 973 2301 ut
1001 2236 1086 2301 nihil
1116 2258 1155 2300 ex
1185 2237 1290 2320 patrio

229 2354 257 2393 16
271 2328 509 2413 Aegyptiorum
542 2348 631 2392 more
663 2330 817 2411 mutaret,
856 2327 943 2391 adire
980 2324 1067 2391 Iovis
1100 2324 1291 2389 Hammonis

272 2419 439 2482 oraculum
464 2417 586 2480 statuit.
632 2414 699 2480 1161
717 2417 876 2500 expeditis
896 2438 1025 2500 quoque
1048 2420 1080 2479 61
1103 2418 1214 2499 paucis
1238 2416 1327 2478 11116

272 2506 443 2571 tolerabile
466 2505 712 2590 ingrediendum
739 2510 820 2570 erat:
848 2509 934 2569 terra
962 2506 1115 2589 caeloque
1139 2526 1293 2588 aquarum

274 2595 410 2681 penuria
433 2598 491 2679 est,
522 2594 648 2658 steriles
670 2594 809 2659 harenae
838 2596 951 2660 iacent.
999 2592 1085 2670 Quas
1109 2594 1166 2658 ubi
1193 2614 1294 2676 vapor

274 2685 354 2751 solis
378 2684 535 2769 accendit,
562 2684 686 2748 fervido
716 2686 785 2749 solo
810 2688 962 2748 exurente
984 2684 1122 2768 vestigia
1145 2683 1295 2748 intolera-

232 2800 258 2842 16
274 2773 350 2841 bilis
373 2777 481 2838 aestus
504 2774 623 2857 existit,
651 2772 902 2857 luctandumque
930 2777 979 2838 est
1002 2794 1067 2836 non
1091 2772 1196 2836 solum
1221 2788 1329 2836 cumr

274 2864 388 2929 ardore
412 2866 444 2927 61
463 2863 605 2927 siccitate
629 2863 780 2949 regionis,
805 2862 977 2927 sedetiam
998 2884 1069 2926 cum
1089 2861 1294 2926 tenacissimo

274 2953 398 3037 sabate,
422 2952 508 3037 quod
531 2954 713 3036 praealtum
737 2957 769 3017 61
792 2953 930 3037 vestigio
950 2952 1064 3016 cedens
1088 2972 1181 3036 aegre
1204 2948 1296 3014 moli-

274 3048 377 3107 untur
403 3042 508 3126 pedes.
560 3041 648 3106 Haec
674 3041 830 3128 Aegyptii
862 3063 937 3105 vero
970 3041 1092 3106 maiora
1119 3039 1330 3104 iactabant:8

276 3133 333 3198 sed
357 3131 471 3218 ingens
496 3131 613 3215 cupido
637 3132 780 3195 animum
805 3131 994 3195 stimulabat
1017 3128 1154 3194 adeundi
1177 3127 1297 3212 Iovem,

235 3249 262 3289 16
278 3244 374 3307 quem
408 3222 535 3307 generis
568 3222 618 3285 sui
650 3224 814 3286 auctorem
846 3221 933 3285 haud
966 3223 1136 3284 contentus
1168 3217 1297 3283 mortali

349 3440 362 3486 1
383 3432 487 3503 minor]
510 3432 613 3486 minior
637 3439 658 3485 Ε
682 3452 715 3487 m.
731 3452 776 3502 pr.
887 3438 902 3485 6
922 3432 1086 3515 Amyntam]
1113 3430 1250 3485 amintam
1269 3436 1297 3483 Ρ.

278 3512 309 3558 12
331 3504 516 3576 delectorum]
536 3504 704 3559 dilectorum
722 3511 742 3557 1³
760 3521 852 3573 66111.
943 3509 976 3558 11
994 3502 1168 3575 praesidium
1186 3503 1297 3572 scripsi:

276 3576 419 3646 praesidio
438 3581 468 3628 A.
573 3576 700 3631 Mazaces
720 3578 862 3632 Raderas:
890 3577 985 3629 astaco
1008 3580 1039 3629 Δ.
1146 3581 1178 3628 16
1198 3576 1298 3643 sponte

274 3650 387 3717 seipsi:
408 3664 476 3701 oron
495 3651 525 3700 A.
594 3649 769 3718 octingenta]
789 3647 1082 3717 661691111616111·Ι
1153 3652 1186 3700 1⁷
1206 3645 1298 3713 supel-

276 3719 412 3790 lectilem]
433 3718 657 3789 suppellectilem
676 3726 693 3772 c
713 3719 924 3791 [supplectilem
943 3720 983 3790 r].
1067 3724 1101 3771 20
1120 3717 1298 3788 Hammonis]

276 3792 427 3845 hamnonis
445 3796 465 3842 1³
483 3808 589 3859 m.pr.,
608 3791 746 3845 ammonis
765 3795 785 3843 B
804 3808 895 3861 61111.
988 3795 1022 3842 24
1041 3791 1175 3843 exurente
1198 3789 1299 3842 Vinde-

276 3865 365 3919 linue:
386 3866 415 3917 61
432 3864 531 3916 urente
550 3867 581 3917 A.

330 3964 433 4002 cauma
445 3962 527 4002 Eurus
542 3962 574 4002 ed.
590 3964 616 4002 H
620 3963 667 4003 edi
672 3964 730 4006 cke.
762 3966 807 4008 Ed.
823 3967 908 4009 mator.
1145 3957 1164 4004 1)
1248 3955 1249 3960 ¹
