3150 4459
299 456 342 520 54
678 455 708 519 Q.
729 456 837 510 coar]
857 456 943 509 RUFI

299 624 344 703 et,
378 620 534 703 quidquid
567 620 731 705 attigerat,
764 620 949 704 perurebat,
983 618 1203 702 iacientesque
1236 641 1309 684 arma
1354 644 1358 683 :

298 709 446 773 laceratis
478 710 640 791 omnibus,
672 710 743 792 quis
773 710 903 795 protegi
935 712 1099 793 poterant,
1131 709 1309 773 vulneribus
1354 712 1358 772 *r

298 799 394 863 inulti
417 798 579 882 patebant.
613 796 709 862 Corvi
727 819 803 862 vero
823 802 855 862 et
874 799 995 863 ferreae
1018 819 1133 862 manus
1158 802 1309 863 tormento
1356 800 1358 861 ἶ

299 888 451 953 remissae
473 887 645 972 plerosque
669 887 846 971 rapiebant.

253 983 292 1037 IV
367 976 431 1042 Hic
451 1000 507 1042 rex
527 978 682 1063 fatigatus
701 980 859 1041 statuerat
878 977 984 1041 soluta
1003 976 1174 1041 obsidione
1194 976 1330 1062 Aegypl

298 1070 368 1131 tum
401 1071 519 1150 petere.
576 1066 702 1152 Quippe
739 1088 811 1131 curn
845 1065 956 1130 Asiam
989 1065 1115 1151 ingenti
1148 1066 1311 1131 velocitate

263 1156 563 1240 apercucurrisset,
594 1156 678 1220 cirea
705 1178 816 1221 muros
844 1156 941 1219 unius
969 1155 1060 1219 urbis
1088 1154 1246 1220 haerebat
1270 1158 1312 1219 tot

298 1245 512 1310 maximarum
527 1268 633 1309 rerum
649 1246 893 1330 opportunitate
908 1245 1046 1309 dimissa.
1086 1243 1240 1309 Ceterum
1254 1249 1312 1309 tam

299 1334 460 1400 discedere
488 1336 622 1399 inritum
651 1357 748 1419 quam
771 1335 893 1399 morari
920 1334 1075 1419 pudebat,
1097 1332 1220 1399 famam
1246 1356 1312 1419 quo

299 1445 375 1509 que,
403 1446 467 1507 que
489 1424 584 1509 plura
607 1446 704 1507 quam
728 1424 827 1487 armis
852 1426 1023 1506 everterat,
1051 1427 1141 1487 ratus
1165 1423 1312 1489 leviorem

297 1512 379 1597 fore,
398 1514 426 1577 si
445 1514 566 1597 Tyrum
587 1514 678 1598 quasi
697 1517 823 1598 testem,
843 1535 877 1577 se
896 1536 991 1598 posse
1010 1512 1106 1594 vinci,
1124 1513 1312 1598 reliquisset.

298 1601 403 1688 Igitur
425 1625 466 1667 ne
490 1604 566 1687 quid
587 1603 790 1686 inexpertum
815 1603 988 1687 omitteret,
1011 1602 1120 1687 plures
1145 1624 1246 1667 naves
1268 1601 1313 1665 ad-

264 1693 420 1756 amaveri
454 1693 544 1756 iubet
577 1691 781 1777 delectosque
815 1692 956 1756 militum
989 1691 1110 1776 inponi.
1159 1692 1206 1756 ut
1237 1692 1313 1756 forte

298 1781 393 1846 belua
411 1782 593 1846 invisitatae
608 1782 842 1867 magnitudinis
861 1803 957 1866 super
976 1782 1064 1865 ipsos
1083 1781 1205 1846 fluctus
1225 1780 1312 1846 dorso

297 1871 441 1934 eminens
465 1872 505 1935 ad
527 1871 655 1954 molem,
683 1893 782 1955 quarn
806 1871 997 1935 Macedones
1021 1870 1176 1956 iecerunt,
1206 1872 1340 1958 ingenae

298 1981 414 2044 corpus
438 1960 594 2044 adplicuit
618 1960 894 2045 diverberatisque
916 1960 1069 2025 fluetibus
1094 1960 1249 2026 adlevans
1271 1982 1313 2025 se-

298 2054 365 2113 met
396 2051 559 2135 utrimque
591 2053 763 2134 conspecta
795 2053 857 2115 est:
890 2049 1004 2113 deinde
1037 2072 1055 2113 a
1087 2051 1194 2134 capite
1225 2050 1314 2115 molis

261 2155 407 2203 crursus
431 2139 497 2204 alto
522 2161 556 2204 se
579 2140 725 2204 inmersit
749 2161 786 2204 ac
809 2141 905 2204 modo
930 2161 1026 2223 super
1049 2139 1152 2203 undas
1176 2140 1314 2205 eminens

200 2229 203 2233 ’
297 2250 415 2315 magna
445 2230 495 2294 sui
524 2232 629 2313 parte,
661 2228 758 2294 modo
792 2228 970 2313 superfusis
1005 2228 1158 2293 fluctibus
1190 2229 1314 2294 condita

296 2317 384 2381 haud
416 2318 530 2401 procul
554 2318 762 2384 munimentis
794 2318 886 2383 urbis
915 2340 949 2382 se
981 2318 1103 2382 mersit.
1162 2316 1343 2402 Utrisques

263 2406 401 2471 alnetus
431 2407 495 2472 fuit
522 2408 635 2473 beluae
664 2411 825 2492 aspectus:
858 2407 1050 2472 Macedones
1082 2407 1145 2472 iter
1173 2408 1315 2472 iaciendo

298 2497 388 2580 operi
412 2501 610 2562 monstrasse
634 2520 704 2561 eam
728 2498 980 2582 augurabantur,
1005 2495 1096 2580 Tyrii
1119 2495 1316 2581 Neptunum,

298 2588 447 2670 occupati
470 2587 569 2651 maris
587 2586 757 2669 vindicem,
781 2586 963 2670 abripuisse
988 2586 1115 2650 beluam
1140 2607 1177 2650 ac
1199 2585 1316 2652 molem

297 2674 388 2740 brevi
406 2677 552 2760 profecto
571 2678 738 2740 ruituram.
784 2676 941 2759 Laetique
961 2676 1068 2740 omine
1091 2696 1128 2739 eo
1149 2675 1189 2739 ad
1210 2675 1317 2760 epulas

298 2764 415 2848 dilapsi
435 2787 606 2830 oneravere
630 2766 769 2850 sevino,
794 2787 857 2849 quo
877 2780 991 2851 graves
1011 2768 1083 2829 orto
1103 2764 1171 2828 sole
1189 2766 1347 2851 navigiac

298 2855 518 2919 conscendunt
538 2854 690 2921 redimita
656 2854 853 2919 tfloribus
877 2854 1083 2939 coronisque.
1111 2854 1190 2919 adeo
1222 2856 1318 2919 vieto·
1356 2911 1358 2928 ,

297 2944 363 3007 riae
386 2967 451 3008 non
476 2966 571 3009 omen
593 2944 700 3027 mode,
724 2944 836 3009 sedt
804 2945 900 3009 etiam
919 2947 993 3029 grat
979 2942 1170 3008 tulationem
1193 2966 1358 3028 praece
1356 2951 1358 2982 ²

263 3037 422 3117 sperant.
400 3033 572 3099 ttFore
602 3056 659 3098 rex
691 3033 865 3097 classem
856 3056 889 3096 rn
921 3033 1100 3098 diversam
1108 3037 1237 3134 partem
1270 3056 1319 3119 agi
1312 2987 1358 3090 li

297 3123 437 3187 iusserat
464 3142 537 3187 xxx
564 3123 745 3188 minoribus
777 3122 916 3208 navigiis
949 3121 1071 3187 relictis
1105 3122 1138 3186 in
1165 3122 1277 3188 litore:
1305 3146 1321 3187 e

297 3212 416 3295 quibus
444 3212 533 3297 Tyrii
562 3212 687 3277 duobus
717 3212 819 3296 ceptis
848 3216 898 3275 cet
899 3234 953 3275 era
981 3212 1107 3297 ingenti
1134 3216 1351 3277 tererrueruut

370 3429 385 3475 3
404 3422 525 3495 ferreae]
539 3424 612 3478 ferre
626 3430 656 3477 V.
712 3427 822 3478 tormen
823 3425 864 3495 to]
879 3424 1020 3478 tormenta
1035 3429 1059 3475 0.
1116 3422 1323 3497 blegyptum]

297 3494 486 3565 aegiptumP.
566 3495 865 3579 PpereueurrissetP:
885 3494 1109 3564 percurrissetc
1177 3500 1323 3577 8opp0r·

296 3566 462 3620 tunitateI:
483 3566 725 3635 oportunitates.
787 3572 820 3620 10
840 3568 907 3638 qua]
928 3567 1043 3635 quiaP.
1108 3573 1139 3621 11
1160 3566 1185 3620 si
1204 3566 1323 3651 Tyrum]

297 3655 329 3705 sy
348 3639 434 3692 tirum
448 3644 478 3691 v
543 3645 575 3693 14
590 3638 753 3692 invisitatae
768 3640 843 3693 Beat
844 3640 924 3693 letas:
940 3637 1095 3692 inusitatae
1109 3644 1139 3691 Δ.
1202 3640 1260 3691 15
1251 3655 1323 3694 reee-

295 3709 372 3780 rant]
387 3710 571 3779 igecerantV
625 3714 657 3763 18
673 3726 763 3765 eccm.
773 3716 838 3764 Pm
845 3728 890 3779 pr
943 3711 1036 3781 super]
1049 3716 1136 3779 perl’.
1190 3714 1222 3763 19
1239 3712 1323 3766 modo

296 3798 346 3835 om.
362 3787 390 3835 P.
405 3799 439 3835 m.
450 3799 497 3850 pr.
563 3787 597 3836 20
617 3798 646 3835 se
660 3780 759 3837 mersit
775 3782 937 3837 &anacam
958 3781 1072 3835 emersit
1090 3787 1120 3834 Δ.
1186 3786 1220 3835 23
1242 3800 1324 3838 oecu-

296 3852 369 3925 pati]
389 3852 504 3922 ocupati
522 3860 552 3907 V.
626 3870 660 3907 ac
677 3859 703 3907 1:
724 3853 761 3906 ad
779 3858 810 3908 Δ.
885 3858 919 3907 24
938 3852 1048 3924 epulas]
1067 3852 1188 3922 hepulas
1206 3858 1236 3907 Ι..
