3150 4459
304 439 369 503 356
685 441 716 503 Q.
736 437 847 492 GURTI
865 437 952 492 RUFI

250 619 284 667 45
303 602 384 666 ortis
413 624 485 666 cum
513 605 584 665 tolo
613 602 755 666 exercitu
779 623 954 686 oppressus
979 604 1056 664 erat.
1103 598 1173 675 Qua
1197 603 1336 685 cognita

305 691 394 755 clade
416 689 552 755 Seuthes
572 688 725 775 Odrysas,
747 691 919 774 populares
943 711 1028 772 suaa,
1051 689 1092 752 ad
1114 689 1336 755 defectionem

303 780 500 863 conpulerat.
546 779 676 843 Amissa
704 781 939 864 propemodum
965 779 1103 842 Thracia
1130 801 1171 842 ne
1196 778 1336 845 Graecia

303 870 433 952 quidem
456 870 638 934 tumultibus
660 871 844 934 inconcussa
867 870 992 933 mansit.
1030 868 1118 933 Nam
1145 868 1337 935 Alexander

296 960 414 1039 punita
438 959 604 1023 insolertia
630 964 834 1039 satraparum
861 958 1070 1041 ornandum,
1097 960 1164 1040 qni,
1187 960 1269 1023 edum
1295 962 1335 1023 in
1365 984 1376 1024 ⁵

302 1053 434 1111 entremo
464 1048 534 1112 orbe
560 1048 713 1113 Indorum
741 1049 842 1113 armis
868 1049 1030 1129 retinetur,
1062 1068 1186 1112 summa
1213 1048 1337 1113 scelera

301 1141 393 1217 atque
415 1137 540 1218 flapitia
564 1139 600 1201 in
617 1137 827 1219 provinciales
850 1141 1062 1214 exercuerant,
1085 1138 1191 1200 ceteris
1213 1144 1336 1202 metum

302 1226 456 1290 iniecerat.
488 1227 561 1290 >Hi
597 1228 632 1289 in
661 1226 797 1307 paribus
831 1226 950 1291 delictis
986 1228 1116 1290 eandem
1147 1227 1335 1307 facinorum

295 1335 433 1396 poenam
465 1317 556 1379 ueriti
588 1318 632 1380 ad
658 1316 944 1379 mercermariorum
971 1315 1108 1379 militum
1135 1316 1229 1397 sidem
1259 1338 1335 1380 con-

299 1405 448 1485 fuperunt
468 1404 595 1469 illerum
618 1404 772 1486 manibus,
796 1406 825 1469 si
848 1405 893 1468 ad
914 1405 1103 1486 supplicium
1123 1411 1375 1485 poscerentur,1o

301 1512 333 1557 se
355 1495 488 1558 tutaturi
511 1499 568 1557 aut
585 1494 730 1576 pecunia,
753 1499 873 1574 quanta
890 1499 1022 1576 poterat,
1051 1498 1154 1557 coacta
1174 1496 1256 1575 fnpa
1278 1516 1334 1559 sa-

302 1582 394 1647 lutem
410 1588 590 1664 petiverunt.
626 1583 695 1664 Qua
714 1603 748 1646 re
765 1584 888 1664 capuita
907 1583 1027 1647 litterae
1045 1584 1089 1648 ad
1105 1604 1211 1647 amnes
1229 1584 1335 1649 Asiae

299 1678 457 1753 praetores
484 1674 599 1737 missae
620 1678 706 1755 sunt,
734 1672 846 1752 quibus
869 1673 1016 1753 inspeetis
1038 1693 1054 1736 e
1076 1674 1202 1753 uestipio
1224 1694 1335 1739 omnes

294 1762 477 1843 pereprinos
495 1762 617 1844 milites,
636 1762 691 1841 qui
711 1762 868 1843 stipendia
886 1761 942 1825 sub
961 1762 1041 1842 ipsis
1053 1762 1199 1842 facerent,
1223 1762 1333 1828 dimit-

301 1854 363 1914 tere
391 1850 583 1915 iubebantur.
633 1850 722 1933 Faat
746 1852 828 1915 inter
856 1871 905 1915 eas
927 1851 1107 1931 Harpalus,
1141 1871 1230 1931 quem
1254 1850 1372 1923 Ale-15

301 1941 434 2017 eander,
461 1940 688 2021 quodpropter
710 1941 813 2020 ipsius
835 1941 1011 2004 amicitiam
1035 1941 1109 2004 olim
1132 1961 1153 2003 a
1177 1938 1333 2022 Philippo

301 2030 412 2093 eiectus
442 2028 542 2094 solum
572 2034 715 2112 uerterat,
742 2030 829 2093 inter
855 2030 1026 2110 fidissimos
1051 2030 1181 2093 babebat
1211 2035 1335 2111 etpost

302 2117 434 2182 Mazaei
463 2124 591 2182 martem
618 2125 798 2199 satrapeam
826 2118 1022 2200 Babyloniae
1053 2118 1237 2182 attribuerat
1269 2120 1333 2183 tlte

301 2226 525 2287 saurarumque
548 2208 705 2272 custodiae
721 2208 924 2289 praefecerat.
972 2208 1008 2271 Is
1035 2209 1133 2289 ipitur
1154 2228 1224 2271 cum
1247 2209 1332 2290 fidu-

301 2296 392 2374 ciam,
415 2318 511 2377 quam
528 2297 564 2359 in
582 2297 741 2378 sinpulari
758 2298 841 2377 repis
857 2298 965 2379 pratia
982 2297 1092 2361 babere
1107 2302 1236 2379 poterat,
1262 2319 1332 2361 mu·
1346 2329 1371 2367 so

299 2386 466 2466 pnitudine
494 2386 687 2466 stapitiorum
717 2387 965 2465 consumpsisset,
997 2388 1133 2467 quinque
1162 2387 1255 2450 mitia
1282 2393 1331 2451 ta

301 2474 453 2539 lentnum
475 2495 513 2539 en
533 2496 615 2556 paea
638 2476 726 2556 repta
748 2476 876 2539 abstulit
897 2477 1104 2556 conductaque
1126 2496 1180 2540 sen
1203 2476 1331 2541 milium

301 2565 585 2627 mercennariorum
608 2585 707 2628 mann
728 2565 766 2628 in
787 2564 954 2645 Europam
978 2566 1082 2629 erasit.
1130 2565 1331 2645 Iampridem

300 2654 384 2716 enim
412 2652 489 2717 lucu
517 2658 545 2716 et
572 2653 756 2718 libidinibns
781 2654 819 2716 in
841 2674 990 2734 praeceps
1013 2660 1130 2718 tractus
1153 2656 1329 2733 desperata-

301 2762 359 2822 que
384 2744 467 2824 repis
494 2743 585 2805 uenia
612 2743 762 2806 adversus
789 2744 875 2806 iram
902 2743 969 2806 eins
991 2744 1131 2807 alienum
1153 2743 1330 2808 subsidium
1345 2773 1370 2812 aa

301 2832 560 2912 circumspexerat
582 2836 610 2894 et
627 2831 838 2915 Athenienses,
861 2853 991 2913 quorum
1014 2853 1085 2896 cum
1102 2833 1277 2913 potentium
1302 2840 1332 2898 et

301 2923 515 2984 auctoritatem
537 2922 624 3000 apud
645 2926 755 2984 eeteros
772 2920 917 3003 Graecos,
941 2926 1006 2984 tum
1029 2922 1177 2985 oeerdtum
1197 2923 1236 2984 ‘in
1251 2922 1330 2987 Ma-

301 3011 432 3073 cedonas
454 3010 561 3073 adium
585 3015 684 3087 norat,
708 3009 814 3074 sedule
837 3011 979 3074 coluerat.
1021 3010 1130 3091 ltaque
1153 3032 1237 3091 spem
1260 3014 1330 3077 suis

302 3099 434 3162 ostendit
452 3097 656 3163 Athenienses
679 3100 815 3163 adrentu
836 3119 891 3163 suo
915 3101 1033 3182 capuita
1057 3101 1210 3180 copiisque
1229 3105 1257 3163 et
1272 3122 1331 3181 pe-

302 3189 417 3265 cuniis,
450 3207 529 3268 quas
556 3189 732 3265 addueeret,
765 3209 870 3251 coram
897 3190 1042 3269 inspectis
1059 3190 1206 3270 protinus
1234 3211 1330 3255 arma
1344 3222 1369 3261 30

303 3278 494 3357 consiliaque
519 3296 583 3341 esse
609 3278 786 3342 sociaturos.
835 3274 923 3340 Nam
950 3299 971 3341 a
993 3278 1109 3360 populo
1140 3280 1273 3359 inperito
1301 3286 1331 3345 et

302 3366 409 3430 mobili
429 3388 486 3447 per
509 3366 647 3430 homines
668 3366 814 3447 inprobas
837 3372 865 3430 et
887 3367 1009 3431 uenales
1036 3369 1143 3431 omnia
1170 3388 1202 3430 se
1222 3389 1330 3433 mune-

301 3456 389 3519 ribus
412 3461 642 3519 consecuturum
665 3456 872 3519 existimabat.

375 3618 390 3664 2
411 3612 534 3680 Odrysas
554 3612 722 3667 Frobenius:
742 3612 851 3667 odrisas
866 3617 897 3665 A.
971 3618 987 3664 3
1007 3612 1138 3684 Thracia]
1158 3615 1249 3668 tracia
1269 3622 1328 3682 FP,

302 3683 390 3737 tratis
407 3689 438 3736 V.
504 3682 633 3755 Graecia]
653 3684 745 3751 gretia
763 3689 794 3736 V.
862 3693 879 3737 4
898 3683 1025 3755 quidem]
1044 3686 1125 3739 uerba
1144 3703 1214 3753 quae
1232 3704 1329 3741 secun-

302 3762 349 3810 tur
367 3756 432 3809 add.
448 3755 662 3820 Freinshemius,
682 3757 714 3808 in
732 3757 912 3824 semiplum
929 3756 1011 3809 uerba
1029 3754 1062 3821 X,
1078 3762 1133 3822 2,1
1153 3755 1245 3826 Igitur
1263 3778 1327 3826 xxx,

301 3829 333 3881 in
352 3833 369 3879 c
389 3830 420 3881 in
438 3829 563 3896 marpine
582 3826 646 3879 add.
667 3826 713 3880 hic
733 3828 835 3880 desunt
854 3847 875 3880 11
894 3827 994 3880 lineae.
