3150 4459
327 434 391 497 144
702 431 734 497 Q.
752 432 865 487 ,ouum
881 430 969 486 uum

272 612 304 661 15
325 600 453 680 ceperat
477 621 532 660 -ε
556 595 666 680 itaque
698 596 805 660 citatis
829 595 923 679 equis
946 595 1098 660 advolant
1128 596 1345 679 sequentibus,

325 707 405 769 quos
426 685 467 750 ad
486 686 702 750 ministerium
721 686 850 750 sceleris
870 686 1063 770 delegerant,
1086 688 1127 769 et,
1151 706 1224 749 cum
1243 685 1346 747 taber-

322 777 474 839 naculum
497 775 685 858 intrassent,
718 774 795 858 quia
822 796 929 860 regem
953 775 1061 839 vivere
1084 774 1242 858 spadones
1266 773 1346 837 indi-

272 880 305 927 1e
325 864 454 947 cabant,
487 863 705 948 conprehendi
732 863 912 947 vincirique
939 863 1111 928 iusserunt.
1156 862 1227 926 Rex
1251 884 1346 927 curru

324 955 421 1038 paulo
445 956 520 1019 ante
543 958 654 1019 vectus
673 957 706 1017 et
721 952 854 1017 deorum
869 953 1022 1036 auspiciis
1036 974 1073 1017 ao
1092 952 1227 1017 summis
1245 954 1346 1017 hono·
1375 982 1387 1022 5

324 1042 414 1107 ribus
447 1045 552 1107 cultus
584 1044 675 1107 nulla
706 1046 840 1106 externa
870 1063 930 1125 ope
958 1042 1089 1106 admota
1113 1043 1260 1126 captivus
1284 1062 1347 1105 ser·

324 1154 439 1196 vorum
458 1153 589 1197 suorum
607 1133 642 1196 in
661 1130 828 1197 sordidum
847 1131 1031 1196 vehiculum
1050 1131 1190 1216 pellibus
1204 1131 1346 1213 undique

272 1236 305 1284 1⁷
325 1225 507 1285 contectum
531 1222 706 1304 inponitur.
751 1219 893 1286 Pecunia
920 1220 1007 1307 regis
1029 1225 1063 1285 et
1086 1224 1231 1303 supellex
1254 1220 1347 1303 quasi

197 1371 210 1395 0
324 1310 403 1375 belli
432 1312 502 1375 inre
530 1310 695 1396 diripitur,
727 1310 901 1394 onustique
923 1310 1043 1394 praeda
1065 1331 1124 1394 per
1147 1312 1250 1376 scelus
1273 1309 1348 1373 ulti-

272 1413 305 1463 18
324 1422 414 1463 mum
436 1404 530 1484 parta
552 1400 664 1486 fugam
688 1399 868 1463 intendunt.
915 1397 1095 1464 Artabazus
1119 1420 1192 1463 cum
1215 1398 1265 1480 iis,
1291 1399 1348 1481 qui
1364 1430 1388 1467 ro

325 1489 462 1572 imperio
485 1488 651 1573 parebant,
675 1487 869 1571 Graecisque
893 1488 1052 1553 militibus
1075 1487 1272 1553 Parthienen
1294 1509 1348 1570 pe-

240 1631 245 1641 ,
272 1592 305 1641 19
324 1578 414 1642 tebat
428 1581 536 1643 omnia
550 1578 673 1643 tutiora
685 1578 921 1662 parricidarum
935 1580 1091 1643 comitatu
1104 1582 1202 1642 ratus.
1231 1576 1348 1642 Persae

324 1668 493 1751 promissis
512 1666 604 1733 Bessi
627 1668 753 1732 onerati
776 1666 924 1751 maxime,
948 1666 1025 1750 quie
1047 1689 1143 1731 nemo
1166 1667 1250 1731 alius
1272 1670 1350 1747 erat,

326 1778 421 1840 quem
458 1760 681 1841 sequerentur,
717 1758 913 1822 coniunxere
949 1779 983 1821 sc
1015 1755 1197 1821 Bactrianis
1233 1777 1348 1841 agmen

272 1860 306 1911 20
325 1866 435 1911 eorum
446 1847 543 1911 tertio
553 1847 695 1911 adsecuti
706 1845 765 1910 die.
781 1844 816 1910 N
817 1867 834 1909 e
847 1849 958 1911 tamen
970 1845 1075 1910 honos
1089 1845 1158 1932 regi
1173 1867 1240 1908 non
1253 1844 1348 1909 habe·
1364 1875 1389 1914 15

325 1938 424 2020 retur,
442 1937 548 2002 aureis
568 1935 766 2021 conpedibus
780 1934 923 2000 Dareum
941 1934 1089 2001 vinciunt
1106 1956 1191 1999 nova
1208 1933 1350 1999 ludibria

326 2025 461 2090 subinde
489 2025 694 2111 excogitante
720 2026 860 2089 fortuna.
905 2024 951 2088 Et
973 2046 1014 2088 ne
1036 2024 1122 2088 forte
1146 2026 1235 2088 cultu
1257 2024 1348 2108 regio

325 2118 436 2197 posset
459 2115 600 2200 agnosci,
628 2113 765 2180 sordidis
789 2113 929 2198 pellibus
952 2113 1136 2178 vehiculum
1160 2115 1349 2193 intexerent,

325 2204 432 2288 ignoti
460 2205 602 2269 iumenta
625 2202 779 2290 agebant,
811 2224 852 2266 ne
874 2202 1139 2287 percontantibus
1163 2205 1197 2267 in
1220 2201 1349 2287 agmine

326 2294 499 2358 monstrari
522 2296 642 2377 posset,
665 2293 816 2358 custodes
839 2295 953 2376 procul
976 2293 1200 2376 sequebantur.
1364 2322 1390 2359 ao

248 2386 312 2440 XIII
392 2381 576 2447 Alexander
607 2382 731 2466 audito,
755 2381 898 2446 Dareum
930 2383 1071 2447 movisse
1102 2382 1141 2446 ab
1164 2380 1349 2462 Ecbatanis,
1365 2390 1402 2444 35

327 2471 445 2536 omisso
469 2472 594 2555 itinere,
617 2471 704 2556 quod
722 2470 864 2556 petebat,
886 2472 921 2536 in
939 2470 1088 2555 Mediam,
1106 2471 1284 2558 fugientem
1303 2470 1349 2532 in-

291 2561 419 2644 asequi
451 2563 558 2647 pergit
590 2565 728 2626 strenue.
773 2560 879 2624 Tabas
904 2561 1125 2644 -oppidum
1153 2564 1201 2623 est
1228 2559 1262 2623 in
1290 2558 1349 2622 Pa-

325 2655 492 2715 raetacene
518 2651 635 2714 ultima
660 2688 699 2697 —
724 2651 883 2734 pervenit:
914 2650 959 2715 ibi
987 2650 1174 2734 transfugae
1197 2650 1350 2713 nuntiant

291 2757 307 2805 3
326 2740 496 2824 praecipiti
518 2741 596 2825 fuga
615 2740 732 2805 Bactra
754 2742 865 2824 petere
878 2739 1028 2805 Dareum.
1067 2737 1212 2803 Certiora
1235 2737 1349 2802 deinde
1365 2769 1390 2809 25

328 2831 494 2915 cognoscit
522 2851 560 2892 ex
589 2829 762 2915 Bagistane
786 2828 982 2913 Babyloni0,
1013 2828 1069 2912 qui
1095 2828 1236 2893 noudum
1263 2826 1349 2891 vino-

325 2921 396 2984 tum
428 2923 555 3004 regem,
583 2919 638 2982 sed
665 2918 700 2982 in
722 2918 867 3002 periculo
891 2940 959 2983 esse
983 2921 1039 2980 aut
1062 2917 1176 2982 mortis
1203 2920 1259 2981 aut
1281 2917 1350 2980 vin-

290 3008 474 3073 4oulorum
502 3008 701 3073 adfirmabat.
747 3007 817 3071 Rex
847 3007 981 3072 ducibus
1011 3006 1210 3073 convocatis:
1237 3006 1350 3069 ‘Maxi-

399 3190 414 3238 ὅ
434 3201 468 3239 ac
486 3184 602 3238 summis
618 3185 753 3240 Cunctas:
774 3199 807 3236 ac
826 3182 884 3237 suis
899 3189 926 3251 c,
945 3200 962 3236 a
981 3183 1039 3236 suis
1052 3188 1079 3236 P.
1154 3188 1170 3234 8
1190 3183 1349 3236 contectum

327 3258 434 3311 Laeter:
454 3258 599 3310 contectus
618 3261 649 3308 Δ.
731 3261 747 3309 8
767 3254 907 3325 supellex]
927 3255 1073 3323 suppellex
1091 3260 1118 3306 P.
1207 3260 1222 3307 9
1243 3254 1349 3306 onusti-

327 3328 394 3398 que]
412 3327 583 3396 honustique
601 3333 629 3380 P.
714 3332 747 3380 10
765 3326 802 3379 iis
820 3332 846 3379 1:
867 3326 911 3379 his
931 3333 960 3380 Δ.
1050 3333 1080 3378 11
1102 3326 1252 3396 parebant]
1270 3343 1349 3393 pere-

325 3397 397 3454 bant
414 3404 441 3451 P.
529 3398 711 3469 Parthienen]
730 3398 880 3467 partienen
899 3403 916 3449 (t
935 3398 1105 3469 [partienem
1124 3399 1163 3469 L]
1252 3404 1285 3450 12
1305 3399 1348 3450 tu-

326 3470 411 3541 tiora]
430 3470 536 3524 tutiore
554 3476 584 3523 V.
666 3469 884 3540 parricidarum]
903 3470 1096 3539 paricidamm
1113 3476 1142 3524 P.
1211 3468 1349 3522 comitatu

326 3543 436 3611 scripsi:
457 3542 587 3595 contuitu
604 3547 637 3609 P,
657 3542 816 3595 contuitum
834 3547 858 3594 0.
941 3548 973 3595 13
993 3542 1150 3613 promissis]
1170 3540 1301 3609 promisis
1320 3546 1348 3593 1..

327 3618 360 3665 21
381 3612 534 3666 Ecbatanis
552 3619 578 3666 1:
602 3611 785 3667 haecbatanis
804 3618 829 3679 c,
848 3613 1052 3667 haecbathanis
1067 3619 1094 3665 P.
1165 3619 1198 3664 23
1218 3613 1350 3665 Paraeta-

327 3700 395 3738 cene
407 3685 521 3753 Oospaa:
537 3684 753 3752 partelacenec,
772 3686 854 3752 parte
873 3684 953 3738 lacae
972 3702 1025 3738 nae
1044 3691 1071 3737 P.
1146 3691 1178 3737 25
1198 3684 1349 3752 praecipiti

327 3756 485 3811 Bcaaleius:
505 3755 689 3824 praecipitem
702 3761 734 3811 Δ.
804 3762 837 3809 26
856 3756 1014 3826 Babylonio
1033 3763 1058 3809 1:
1078 3755 1249 3824 babyloniae
1264 3762 1294 3809 A.

318 3827 374 3891 qui
389 3828 518 3883 nondum
537 3829 649 3897 scrirrsh
670 3826 802 3896 equidem
820 3833 850 3880 Δ.
