3150 4459
300 439 365 503 236
677 438 709 504 Q.
729 438 838 494 CURTI
856 437 944 492 eorl

300 625 388 668 mero
422 602 551 686 quidem
583 624 655 687 par,
687 603 742 667 diu
770 606 879 667 tamen
901 601 1024 665 resistit
1047 600 1219 665 clamitans
1244 600 1332 665 nihil

300 691 388 757 eliud
407 714 573 776 superesse
591 693 737 757 locorum
758 692 871 756 fraude
891 691 1030 774 deceptis
1051 712 1147 774 quum
1167 690 1332 754 honestae

246 799 280 846 aa
299 782 413 846 mortis
437 782 593 847 solacium
621 803 660 846 ex
683 781 828 845 hostium
851 779 953 846 caede.
999 778 1110 864 Ipsum
1133 779 1331 863 praevalens

299 892 401 955 equus
438 871 589 955 vehebat,
626 892 690 955 quo
727 873 857 954 saepius
893 869 927 933 in
960 890 1079 934 cuneos
1111 868 1331 933 barbarorum

246 976 280 1025 cc
300 960 409 1025 effusis
431 961 565 1025 habenis
589 964 718 1026 evectus
742 981 860 1045 magna
884 963 991 1044 strage
1011 979 1066 1023 eos
1083 957 1221 1022 fuderat.
1262 956 1331 1022 Sed
1359 984 1370 1024 s

299 1072 372 1114 cum
394 1072 495 1115 unum
520 1070 631 1114 omnes
649 1053 805 1133 peterent,
829 1049 940 1112 multis
959 1047 1146 1111 vulneribus
1165 1048 1331 1134 exanguis

298 1138 488 1224 Hypsiclem
503 1138 662 1222 quendam
681 1161 720 1203 ex
737 1138 848 1203 amicis
862 1138 1011 1202 hortatus
1026 1140 1084 1219 est,
1102 1136 1187 1201 utin
1202 1158 1331 1220 equum

299 1252 393 1294 suum
422 1228 604 1294 escenderet
632 1232 664 1292 et
692 1250 726 1293 se
753 1227 832 1313 fuga
860 1225 1004 1311 eriperet.
1055 1225 1145 1290 Haec
1173 1228 1331 1311 agentem

299 1317 406 1382 anima
436 1318 566 1401 defecit,
599 1338 780 1401 corpusque
808 1338 848 1381 ex
872 1336 954 1400 equo
978 1314 1113 1380 defluxit
1136 1316 1170 1378 in
1193 1318 1328 1381 terram.

246 1431 278 1479 37
298 1406 469 1491 Hypsicles
497 1410 625 1491 poterat
648 1406 778 1489 quidem
807 1405 960 1490 effugere,
992 1404 1047 1469 sed
1076 1405 1193 1469 amisso
1218 1404 1331 1470 amico
1346 1433 1371 1472 ιο

299 1495 383 1560 mori
415 1495 537 1560 statuit.
591 1494 664 1560 Una
696 1499 766 1560 erat
799 1516 887 1576 cura,
920 1518 961 1558 ne
993 1494 1116 1558 inultus
1150 1493 1330 1559 occideret:

300 1586 409 1669 itaque
433 1585 571 1650 subditis
595 1585 772 1650 calcaribus
797 1606 879 1668 equo
903 1584 937 1647 in
961 1583 1084 1647 medios
1103 1582 1208 1647 hostis
1224 1605 1258 1647 se
1278 1584 1332 1647 in-

299 1676 389 1739 misit
427 1678 459 1739 et
495 1674 698 1739 memorabili
730 1673 818 1738 edita
849 1695 959 1759 pugna
991 1672 1127 1737 obrutus
1158 1670 1234 1736 telis
1267 1678 1330 1738 est.

246 1788 280 1836 38
300 1763 394 1840 Quod
417 1764 474 1828 ubi
495 1764 612 1841 videre,
637 1765 695 1847 qui
713 1762 803 1827 caedi
822 1766 1020 1846 supererant,
1043 1762 1205 1826 tumulum
1224 1764 1330 1846 paulo

300 1875 396 1937 quam
420 1857 524 1918 cetera
547 1853 715 1919 editiorem
739 1852 885 1937 capiunt:
909 1872 989 1935 quos
1014 1849 1214 1935 Spitamenes
1238 1850 1370 1917 famen

247 1966 280 2015 39
300 1945 334 2007 iu
357 1941 553 2008 deditionem
577 1942 769 2007 subacturus
794 1940 928 2006 obsedit.
967 1938 1116 2006 Cecidere
1140 1961 1177 2004 eo
1197 1940 1330 2023 proelio

299 2032 445 2116 peditum
468 2050 494 2096 11
518 2032 616 2116 milia,
645 2048 709 2097 ccc
733 2030 866 2115 equites.
913 2030 1015 2107 Quam
1039 2029 1161 2094 cladem
1185 2029 1329 2094 Alexan-

300 2120 357 2186 der
379 2122 503 2186 sollerti
522 2120 657 2185 consilio
677 2120 769 2203 texit,
792 2124 896 2184 morte
915 2119 1103 2183 denuntiata
1120 2118 1181 2202 his,
1205 2118 1263 2201 qui
1287 2142 1328 2183 ex

223 2224 288 2279 VIII
301 2210 425 2295 proelio
449 2210 658 2294 advenerant,
691 2211 719 2273 si
741 2213 813 2275 acta
835 2211 1030 2295 vulga-ssent.
1078 2206 1227 2272 Ceterum
1252 2228 1330 2275 cum
1344 2215 1381 2270 83

301 2300 409 2365 animo
442 2300 603 2384 disparem
631 2301 757 2364 vultum
786 2298 907 2363 diutius
934 2298 1018 2362 ferre
1043 2318 1110 2362 non
1133 2300 1256 2380 posset,
1291 2298 1330 2363 in
1343 2326 1370 2365 ao

301 2389 541 2454 tabernaculum
573 2410 669 2472 super
696 2389 800 2473 ripam
829 2388 972 2451 fluminis
996 2387 1035 2450 de
1058 2386 1217 2450 industria
1239 2387 1329 2452 loca-

266 2483 371 2551 stum
395 2479 534 2544 secessit.
580 2477 630 2543 Ibi
655 2478 724 2542 sine
747 2476 878 2542 arbitris
902 2476 1030 2561 singula
1054 2475 1153 2540 animi
1176 2471 1329 2541 consulta

300 2568 465 2652 pensando
489 2572 617 2633 noctem
640 2566 761 2653 vigiliis
785 2567 926 2632 extraxit
948 2586 1042 2650 saepe
1061 2564 1201 2650 pellibus
1219 2564 1329 2630 taber-

300 2657 409 2723 naculi
427 2657 591 2739 adlevatis,
610 2661 647 2722 ut
666 2656 867 2741 conspiceret
884 2655 1028 2720 hostium
1046 2654 1148 2742 ignes,
1169 2675 1186 2717 e
1206 2653 1328 2738 quibus

300 2747 479 2812 coniectare
507 2750 648 2830 poterat,
680 2750 803 2830 quanta
831 2745 999 2809 hominum
1028 2743 1203 2808 multitudo
1231 2749 1326 2810 esset.
1343 2770 1368 2811 es

265 2834 433 2920 alamque
455 2838 513 2901 lux
536 2835 716 2921 adpetebat,
740 2855 813 2899 cum
838 2835 1002 2899 thoracem
1026 2833 1158 2897 indutus
1177 2833 1329 2917 procedit

301 2925 341 2989 ad
360 2925 490 3008 milites,
507 2929 578 2990 tum
597 2926 738 3010 primum
756 2928 832 3008 post
850 2926 968 2988 vulnus
985 2923 1133 3007 proxime
1147 2926 1327 3007 acceptum.

266 3013 405 3088 4'l'anta
428 3019 497 3080 erat
520 3014 606 3099 apud
629 3036 684 3079 eos
707 3013 871 3079 veneratio
895 3013 990 3098 regis,
1012 3016 1049 3076 ut
1066 3012 1162 3077 facile
1180 3014 1328 3096 periculi,

373 3189 557 3262 acolacium]
576 3190 710 3246 solatium
729 3195 784 3243 Π.
840 3188 976 3261 hostium]
996 3188 1100 3243 ostium
1116 3193 1144 3241 F.
1201 3193 1326 3242 tonum

302 3261 409 3332 omnes]
432 3280 528 3317 omncs
551 3280 638 3315 unum
662 3268 690 3316 F.
788 3260 986 3330 'lHypsiclem
1011 3261 1202 3315 Eberhardoe:
1231 3260 1327 3328 suspi-

302 3334 378 3388 ciens
388 3339 419 3387 Δ.
469 3334 611 3407 hortatus]
622 3337 729 3389 ortatus
739 3340 770 3387 V.
822 3332 1052 3387 Sescenderetl’:
1069 3332 1233 3386 ascenderet
1243 3337 1269 3384 c.

303 3422 332 3459 se
350 3422 401 3459 om.
416 3409 437 3458 B
451 3424 486 3461 m.
500 3424 543 3475 pr.
608 3411 676 3461 tex
696 3406 779 3477 equo]
800 3420 834 3459 ex
852 3422 907 3473 quo
922 3409 951 3457 V.
1015 3408 1048 3457 10
1068 3402 1216 3472 Hypsicles
1235 3403 1327 3458 Eber-

301 3478 419 3532 tordus:
439 3477 574 3547 hypsides
594 3485 619 3545 c,
639 3477 753 3547 ypsides
768 3483 796 3531 Ρ.
852 3476 976 3547 poterat]
995 3477 1127 3544 poterant
1141 3480 1163 3527 V
1178 3492 1211 3528 m.
1222 3491 1269 3543 pr.

303 3548 418 3619 amisso]
433 3548 549 3603 amissos
563 3555 583 3601 L
597 3568 631 3604 m.
642 3566 688 3618 pr.
745 3556 778 3603 14
792 3545 945 3617 tumulum]
960 3546 1114 3600 tumultum
1128 3551 1155 3600 Ρ.
1213 3550 1245 3599 15
1262 3545 1326 3616 Spi-

196 3616 202 3631 '
302 3620 688 3692 tamenes]sphytamenes1’.
741 3627 774 3674 16
785 3619 971 3689 deditionem]
983 3617 1232 3672 dedicionemnm.
1240 3634 1286 3685 pr.
1297 3623 1327 3671 1³.

305 3699 338 3746 18
357 3690 476 3764 sollerti]
500 3690 612 3746 sollerci
630 3698 661 3747 V.
745 3698 777 3747 19
797 3708 861 3745 cum
880 3706 930 3744 om.
945 3695 969 3742 V
983 3707 1016 3743 m.
1032 3707 1076 3757 pr.
1160 3694 1194 3742 20
1217 3690 1328 3761 posset]

303 3762 394 3834 possit
411 3768 445 3828 Ρ,
470 3779 583 3834 possem
600 3769 623 3817 V
642 3782 676 3818 m.
694 3782 737 3834 pr.
848 3768 883 3815 24
901 3761 1038 3832 hostiurn]
1065 3761 1168 3816 ostium
1187 3765 1210 3812 V
1228 3777 1263 3813 m.
1280 3778 1327 3829 pr.

304 3840 338 3889 26
358 3834 523 3908 adpetebat]
542 3835 677 3906 apetebat
691 3841 719 3889 F.
793 3833 949 3905 thoracem]
968 3835 1092 3887 toracem
1111 3838 1136 3886 0.
