3150 4459
313 449 379 514 316
691 450 723 515 Q.
743 449 854 505 CURTI
872 450 959 504 RUFI

270 695 272 698 Ι
312 635 399 677 nunc
421 636 482 678 nos
497 612 636 699 Scythae
660 618 850 699 sequuntur,
873 613 1044 679 Bactriana
1066 613 1191 678 auxilia
1215 619 1355 698 praesto

259 719 293 765 25
314 706 399 785 sunt,
417 702 529 766 Dahae
544 701 764 788 Sogdianique
783 705 946 768 internos
964 703 1115 767 militant.
1148 702 1222 767 Nec
1239 710 1355 769 tamen
1368 710 1398 764 lt

314 791 364 856 illi
382 792 496 856 turbae
516 792 657 857 confido:
681 796 804 857 vestras
824 814 937 856 manus
957 793 1093 873 intueor,
1118 797 1268 857 vestram
1293 795 1355 858 vir-

314 884 418 944 tutem
441 903 563 963 rerum,
597 903 676 965 quas
700 885 850 967 gesturus
875 904 960 963 sum,
991 882 1101 946 vadem
1126 883 1355 967 praedemque

313 969 427 1034 habeo.
465 969 626 1045 Quamdiu
651 970 819 1034 vobiscum
842 970 877 1033 in
901 971 968 1035 acie
993 970 1096 1055 stabo,
1119 992 1179 1035 nec
1202 972 1275 1036 mei
1295 994 1355 1037 nec
1378 997 1388 1037 t

313 1059 459 1123 bostium
497 1060 657 1123 exercitus
689 1080 840 1124 numero:
882 1082 941 1123 vos
973 1060 1070 1124 modo
1104 1059 1232 1124 animos
1270 1062 1355 1127 mihi

259 1164 294 1212 26
313 1148 427 1232 plenos
452 1148 628 1212 alacritatis
651 1169 689 1212 ac
710 1148 848 1212 fiduciae
872 1147 1031 1213 adhibete.
1073 1146 1149 1212 Non
1173 1148 1209 1212 in
1234 1149 1354 1216 limine

314 1258 448 1321 operum
475 1236 688 1321 laborumque
719 1241 922 1320 nostrorum,
954 1238 1011 1302 sed
1033 1238 1067 1301 in
1091 1238 1183 1301 exitu
1206 1243 1354 1305 stamus:

312 1325 519 1409 pervenimus
547 1326 588 1390 ad
617 1327 696 1390 solis
727 1330 836 1391 ortum
860 1331 892 1390 et
916 1325 1088 1391 Oceanum.
1134 1325 1211 1391 Nisi
1238 1329 1355 1393 obstat

312 1414 452 1499 ignavia,
475 1416 550 1479 inde
573 1414 713 1481 victores
735 1416 920 1500 perdomito
943 1417 1008 1481 fine
1026 1420 1186 1481 terrarum
1205 1424 1354 1483 reverte
1367 1443 1388 1483 a

313 1525 387 1567 mur
408 1504 441 1568 in
465 1505 613 1587 patriam.
659 1502 782 1588 Nolite,
805 1505 893 1587 quod
915 1504 1003 1591 pigri
1026 1505 1187 1589 agricolae
1211 1507 1355 1593 faciunt,

314 1596 460 1657 maturos
497 1594 623 1658 fructus
663 1616 721 1675 per
757 1594 908 1657 inertiam
945 1595 1092 1659 amittere
1128 1617 1146 1658 e
1183 1597 1354 1662 manibus.

260 1698 293 1746 27
313 1680 438 1745 Maiora
462 1686 538 1746 sunt
561 1682 715 1765 periculis
738 1684 894 1767 praemia:
919 1683 1008 1749 dives
1032 1683 1142 1748 eadem
1162 1688 1195 1749 et
1214 1683 1353 1751 inbellis

315 1774 365 1835 est
389 1771 489 1857 regio.
526 1770 642 1855 Itaque
665 1793 731 1835 non
755 1776 822 1836 tam
846 1772 885 1836 ad
909 1772 1047 1858 gloriam
1065 1794 1123 1837 vos
1142 1772 1227 1839 duco
1250 1797 1353 1858 quam

314 1861 354 1924 ad
377 1861 538 1944 praedam.
584 1860 687 1946 Digni
710 1860 803 1945 estis,
836 1862 893 1945 qui
916 1883 1007 1945 opes,
1041 1884 1121 1946 quas
1149 1862 1233 1926 illud
1261 1887 1352 1929 mare
1366 1889 1387 1930 u

313 1948 465 2014 litoribus
488 1949 622 2033 invehit,
649 1950 797 2014 referatis
821 1949 856 2012 in
878 1950 1028 2034 patriam,
1056 1950 1156 2037 digni,
1181 1952 1240 2034 qui
1265 1954 1355 2017 nihil

260 2054 295 2104 28
314 2039 528 2122 inexpertum,
553 2039 638 2103 nihil
661 2043 749 2102 metu
773 2040 929 2103 omissum
952 2040 1152 2123 relinquatis.
1200 2039 1269 2105 Per
1291 2065 1353 2109 vos

313 2126 517 2213 gloriamque
536 2133 686 2212 vestram,
710 2150 775 2212 qua
792 2127 971 2193 humanum
989 2129 1158 2215 fastigium
1178 2132 1354 2216 exceditis,

315 2238 436 2301 perque
460 2222 493 2282 et
515 2240 587 2281 mea
610 2219 644 2281 in
667 2239 726 2281 vos
749 2222 782 2282 et
806 2217 840 2280 in
864 2239 915 2281 me
938 2222 1046 2282 vestra
1068 2218 1194 2301 merita,
1225 2221 1354 2302 quibus

314 2307 453 2370 invicem
484 2304 723 2391 contendimus,
754 2328 811 2370 oro
836 2328 1034 2389 quaesoque,
1065 2329 1106 2370 ne
1129 2307 1354 2375 humanarum
1368 2336 1390 2376 a

315 2416 422 2459 rerum
450 2396 606 2459 terminos
633 2396 808 2459 adeuntem
833 2395 1000 2459 alumnum
1024 2396 1354 2483 commilitonemque

262 2503 295 2551 29
316 2488 470 2567 vestrum,
492 2508 533 2548 ne
558 2484 663 2552 dicam
686 2506 806 2570 regem,
830 2484 994 2549 deseratis.
1033 2484 1147 2549 Cetera
1169 2486 1267 2551 vobis
1291 2490 1354 2553 im-

314 2573 439 2656 peravi:
462 2573 526 2638 hoc
549 2596 650 2638 unum
675 2574 843 2638 debiturus
867 2595 948 2637 sum.
986 2573 1031 2638 Et
1049 2575 1077 2638 is
1097 2596 1154 2638 vos
1172 2597 1268 2660 rogo,
1293 2578 1354 2661 qui

314 2663 398 2726 nihil
420 2686 574 2746 umquam
599 2664 693 2727 vobis
716 2662 874 2746 praecepi,
899 2663 979 2746 quin
1001 2664 1126 2748 primus
1149 2686 1202 2727 me
1220 2666 1354 2747 pericu-

314 2751 355 2816 lis
385 2753 573 2836 obtulerim,
606 2752 662 2837 qui
691 2774 786 2835 saepe
814 2753 916 2816 aciem
945 2753 1050 2835 clipeo
1073 2774 1145 2816 meo
1169 2754 1248 2817 texi.
1297 2754 1354 2821 Ne
1367 2780 1390 2822 rr

314 2841 513 2925 infregeritis
544 2844 577 2905 in
608 2841 757 2905 manibus
786 2840 866 2906 meis
895 2842 1050 2925 palmam,
1083 2863 1147 2925 qua
1169 2841 1354 2909 Herculem

262 2948 296 2996 30
315 2929 533 3014 Liberumque
556 2930 696 3013 Patrem,
720 2930 748 2995 si
771 2929 895 2994 invidia
918 2930 1045 3014 afuerit,
1069 2930 1224 3015 aequabo.
1263 2931 1353 2999 Date

390 3124 553 3195 IScythae]
569 3124 668 3195 schytq
682 3128 711 3177 B.
763 3124 930 3194 sequuntur]
948 3126 1081 3177 secuntur
1094 3129 1150 3178 PV.
1202 3124 1352 3199 2Dahao]

315 3196 826 3265 dabaetFm.pr.,***1.,eorr.odd
850 3195 932 3266 dahp.
988 3195 1197 3266 tsum]om.1’.
1258 3197 1354 3252 Vala-

316 3267 437 3338 critatis]
452 3266 587 3321 alacritas
605 3273 675 3320 Vm.
687 3283 732 3334 pr.
802 3265 934 3337 fiduciae]
954 3266 1073 3320 fidutiae
1090 3271 1121 3320 V.
1196 3266 1351 3343 adhibete]

315 3338 430 3392 adibete
448 3344 480 3392 V.
564 3344 597 3392 10
616 3337 694 3409 inde]
713 3338 791 3390 unde
805 3342 836 3391 V.
918 3338 1107 3461 revertemur]
1120 3339 1301 3393 reuertamur
1321 3347 1352 3395 1².

317 3415 350 3463 12
369 3409 513 3481 inertiam]
532 3410 668 3464 inerciam
682 3414 738 3463 Π,
815 3413 848 3461 14
868 3409 905 3461 ad
924 3408 1057 3481 gloriam]
1077 3408 1198 3479 goriam
1216 3415 1237 3461 F
1252 3428 1289 3465 m.
1302 3430 1351 3480 pr.

317 3486 351 3535 15
366 3481 463 3552 Digni]
479 3482 573 3551 dignis
587 3487 608 3534 B
622 3499 657 3536 m.
669 3498 714 3549 pr.
767 3484 801 3533 16
816 3479 959 3551 litoribus]
974 3480 1118 3535 littoribus
1133 3486 1161 3533 Ρ.
1215 3487 1249 3534 18
1264 3482 1353 3537 fasti-

315 3553 405 3623 gium]
426 3553 575 3607 fastidium
593 3559 621 3606 Ρ.
696 3550 871 3605 abinvicem
890 3552 1048 3607 Bentleius:
1072 3551 1174 3605 inuicti
1192 3556 1223 3605 Δ.
1300 3555 1352 3627 ne]

316 3641 368 3679 om.
382 3631 402 3676 Ρ
413 3643 447 3678 m.
454 3643 500 3693 pr.
556 3624 756 3695 humanarum]
771 3622 922 3677 humarum
931 3628 952 3675 B
962 3642 996 3677 m.
1006 3642 1049 3693 pr.
1059 3629 1124 3679 Vm.
1135 3640 1176 3691 pr.
1188 3629 1208 3676 L
1218 3641 1254 3677 m.
1263 3642 1310 3693 pr.
1319 3632 1353 3681 V.

316 3701 351 3749 24
370 3696 515 3767 praecepi]
530 3694 660 3765 praecipi
678 3700 747 3749 Pm.
758 3713 804 3763 pr.
860 3694 930 3762 quin
951 3696 1072 3750 Giuata:
1092 3693 1142 3761 qui
1158 3699 1189 3747 Δ.
1247 3701 1283 3750 25
1299 3698 1353 3752 ob-

316 3766 432 3821 tulerim
453 3768 574 3822 Gitmto:
599 3766 691 3820 obtuli
709 3772 742 3832 Ρ,
767 3765 861 3834 optuli
880 3772 906 3818 c.
1016 3765 1119 3837 clipeo]
1139 3764 1240 3835 clypeo
1261 3772 1354 3839 ΒΗ,

427 3844 488 3892 aV.
562 3844 596 3891 27
617 3836 732 3908 afuerit]
752 3836 840 3891 fuerit
857 3843 879 3889 F
897 3856 932 3891 m.
947 3855 993 3907 pr.
