3150 4459
306 465 326 527 6
679 464 710 528 Q.
731 464 840 519 CURTI
859 464 945 519 RUFI

307 631 404 713 genta
437 628 606 712 attributa,
636 627 675 691 ad
702 626 912 713 Antipatrum
941 633 973 693 ct
1002 651 1067 710 eoa,
1100 630 1156 714 qui
1188 630 1327 695 Graecas

307 717 402 781 urbes
435 718 620 800 tuebantur,
651 735 697 781 Dc
727 719 839 800 missa,
869 741 908 782 ex
940 718 1068 784 foedere
1097 742 1196 784 naves
1228 720 1326 786 sociis

253 823 285 871 ‘21
307 807 496 890 imperatae,
529 829 610 890 quae
641 806 853 891 Hellesponto
884 808 1112 892 praesiderent.
1170 808 1325 873 Nondum

306 895 393 960 enim
415 895 621 961 Memnonem
644 897 711 961 vita
734 896 908 961 excessisse
932 902 1141 983 cognoverat,
1169 898 1203 962 in
1229 920 1326 981 quem

210 999 213 1013 ¹
307 1007 417 1050 omnes
432 986 613 1051 intenderat
631 1008 732 1069 curas,
751 984 830 1050 satis
850 1008 968 1071 gnarus
988 992 1102 1052 cuncta
1121 988 1156 1051 in
1174 988 1326 1071 expedito
1350 1012 1360 1051 5

306 1074 384 1156 fore,
408 1074 437 1138 si
459 1075 543 1140 nihil
566 1076 605 1138 ab
630 1097 667 1140 eo
691 1078 885 1140 moveretur.

253 1180 287 1229 aa
373 1163 506 1248 lamque
518 1166 559 1229 ad
573 1165 687 1229 urbem
697 1164 861 1250 Ancyram
875 1169 1006 1230 ventum
1023 1170 1103 1231 erat:
1119 1165 1175 1230 ubi
1191 1189 1326 1230 numero

307 1254 471 1338 copiarum
491 1254 574 1319 inito
594 1254 851 1340 Paphlagoniam
870 1255 977 1320 intrat.
1004 1255 1091 1321 Huic
1109 1255 1213 1321 iuncti
1233 1261 1326 1319 erant

306 1341 435 1426 Heneti,
453 1344 538 1407 unde
557 1343 688 1428 quidam
702 1343 846 1408 Venetos
866 1345 992 1409 trahere
1008 1345 1166 1431 originem
1183 1345 1326 1410 credunt.

253 1448 288 1497 aa
306 1430 420 1496 Omnis
443 1433 523 1497 haec
545 1435 635 1519 regio
659 1434 767 1517 paruit
794 1433 877 1520 regi,
905 1434 1053 1519 datisque
1077 1435 1245 1500 obsidibus
1271 1437 1327 1499 tri-
1341 1461 1363 1499 a

306 1522 436 1605 butum,
464 1524 550 1606 quod
577 1546 618 1586 ne
641 1522 748 1587 Persis
773 1524 903 1607 quidem
926 1524 1090 1608 tulissent,
1118 1525 1258 1608 pendere
1287 1546 1327 1588 ne

253 1626 285 1675 al
307 1615 512 1697 cogerentur,
545 1613 795 1695 inpetravenmt.
842 1610 935 1677 Calas
967 1612 1045 1678 huic
1078 1614 1205 1700 regioni
1235 1636 1327 1698 prae-

307 1700 433 1785 positus
457 1705 520 1783 est,
547 1703 617 1786 ipse
640 1702 834 1786 adsumptis,
863 1701 920 1785 qui
948 1725 987 1767 ex
1010 1703 1200 1767 Macedonia
1222 1727 1329 1788 nuper

307 1790 509 1874 advenerant,
534 1789 769 1876 Cappadociam
794 1792 896 1874 petiit.

271 1884 297 1937 Π
378 1878 423 1943 At
446 1880 571 1945 Dareus
599 1880 748 1945 nuntiata
770 1880 953 1947 Memnonis
981 1886 1084 1946 morte
1112 1881 1198 1945 haud
1226 1887 1358 1965 secus,4

308 1991 404 2052 quam
432 1992 491 2053 par
518 1974 600 2054 erat,
632 1974 740 2036 motus
768 1970 887 2035 omissa
915 1971 1002 2037 omni
1034 1972 1097 2035 alia
1125 1993 1182 2055 spe
1212 1972 1328 2035 statuit
1343 2000 1365 2038 a

308 2058 377 2142 ipse
401 2058 581 2124 decernere:
607 2061 727 2144 quippe
747 2082 829 2144 quae
847 2083 905 2144 per
923 2061 1020 2125 duces
1039 2082 1115 2125 suos
1135 2063 1207 2125 acta
1225 2064 1329 2145 erant,

308 2151 423 2211 cuncta
460 2148 647 2233 damnabat,
693 2154 783 2213 ratus
820 2150 968 2234 pluribus
1007 2172 1129 2234 curam,
1173 2150 1328 2215 omnibus

272 2236 427 2302 aafuisse
450 2237 622 2302 fortunam.
668 2237 774 2326 Igitur
802 2240 915 2304 castris
943 2240 984 2304 ad
1007 2240 1177 2324 Babylona
1200 2238 1328 2323 positia,

308 2349 372 2410 quo
397 2328 517 2393 maiore
540 2328 648 2392 animo
672 2333 874 2413 capesserent
897 2329 1028 2414 bellum,
1050 2329 1217 2394 universas
1240 2330 1328 2393 vires
1343 2356 1367 2395 zc

308 2416 343 2480 in
366 2420 575 2501 conspectum
598 2418 686 2483 dedit
709 2422 742 2482 ct
765 2419 962 2484 circumdato
986 2419 1081 2502 vallo,
1105 2418 1190 2503 quod
1216 2418 1328 2483 decem

308 2506 434 2571 milium
484 2511 682 2572 armatorum
729 2507 969 2572 multitudinem
1017 2511 1158 2594 caperet,
1208 2506 1328 2572 Xerxis

273 2612 289 2660 3
309 2597 456 2680 exemplo
470 2619 640 2660 nnmerum
655 2599 821 2681 copiarum
835 2597 917 2662 iniit.
960 2597 1040 2663 Orto
1057 2599 1123 2662 sole
1142 2597 1182 2661 ad
1195 2602 1327 2662 noctem

309 2684 448 2770 agmina,
471 2687 555 2751 sicut
579 2686 733 2771 discripta
756 2690 861 2768 erant,
888 2687 1048 2752 intravero
1072 2688 1200 2752 vallum.
1247 2684 1327 2750 Inde

309 2774 426 2839 emissa
453 2780 687 2859 occupaverant
713 2776 967 2861 Mesopotamiae
1001 2798 1145 2861 campoS,
1178 2775 1327 2860 equitum
1344 2803 1369 2842 aa

308 2864 518 2948 peditumque
538 2865 768 2949 propemodum
784 2866 1029 2931 innumerabilis
1048 2866 1151 2949 turba,
1170 2866 1327 2930 maiorem

310 2976 406 3037 quam
436 2976 495 3038 pro
527 2977 662 3020 numero
693 2956 832 3039 speciem
863 2957 977 3021 ferens.
1033 2955 1169 3020 Persaru
1234 2960 1328 3019 crant

273 3047 438 3107 4centum
474 3044 578 3132 milia,
610 3046 644 3109 in
681 3046 754 3129 quis
788 3065 886 3131 eques
922 3063 996 3109 xxx
1027 3046 1084 3130 inp
1160 3049 1182 3109 t.
1238 3044 1327 3110 Medi

309 3132 418 3197 decem
437 3135 530 3199 acilio
549 3134 704 3219 equitum,
729 3135 967 3222 quinquaginta
984 3135 1130 3219 peditum
1152 3134 1327 3199 habebant.

273 3221 526 3287 5Barcanorum
555 3226 702 3309 equitum
733 3225 797 3289 duo
827 3225 919 3289 milia
941 3225 1044 3309 fuere,
1077 3225 1191 3288 armati
1214 3224 1329 3307 bipen·
1344 3252 1371 3291 ao

381 3441 396 3487 2
420 3455 455 3488 nc
474 3437 581 3490 Lacca:
608 3442 642 3490 n‘o
661 3441 691 3489 Δ.
802 3443 818 3490 5
841 3437 1003 3491 intenderat
1032 3436 1207 3493 Vindelicus:
1236 3435 1328 3489 inten-

309 3507 388 3560 deret
406 3511 436 3559 Δ.
496 3508 639 3579 expedito]
658 3508 790 3578 expedita
803 3515 832 3562 P.
887 3509 994 3579 61010]
1012 3508 1090 3564 forae
1104 3507 1133 3561 P.
1189 3506 1329 3561 9Ηο11011

309 3583 334 3632 1:
353 3578 444 3631 uincti
462 3584 492 3631 Δ.
559 3585 589 3633 11
609 3580 742 3634 tulissent
760 3582 868 3635 Lucem
888 3580 1000 3633 tulisset
1018 3587 1048 3635 Δ.
1115 3584 1147 3632 13
1167 3595 1257 3647 nuper
1276 3596 1328 3633 om.

308 3656 382 3703 Νη.
393 3667 437 3718 pr.
501 3656 534 3703 14
553 3649 773 3726 Cappadociam]
792 3652 976 3723 capadociam
995 3661 1020 3707 c.
1082 3658 1114 3706 17
1134 3651 1226 3721 erant]
1245 3652 1329 3703 crunt

309 3726 364 3774 BV.
422 3727 454 3774 19
474 3722 620 3792 Babylona
634 3725 794 3793 Zumptiue:
813 3724 985 3793 babylonam
999 3731 1029 3777 Δ.
1085 3730 1119 3778 23
1138 3723 1204 3777 iniit
1217 3723 1327 3777 Lauer:

309 3792 363 3846 init
382 3797 412 3847 Δ.
468 3793 548 3867 Orto]
568 3799 646 3851 orssto
665 3802 692 3851 P.
753 3803 787 3852 24
808 3794 955 3867 discripta]
975 3796 1118 3866 descripta
1135 3800 1164 3848 B.
1226 3800 1260 3848 29
1280 3795 1328 3848 de-

309 3880 370 3918 cem
389 3866 486 3921 milia
504 3868 655 3923 Kiactias:
675 3871 773 3925 milia
792 3887 842 3924 om.
857 3872 888 3921 Δ.
