3150 4459
436 478 691 534 HISTORIARUM
709 480 924 534 ALEXANDRI
943 479 1001 546 Vll,
1023 486 1046 534 5.
1063 486 1088 533 6.
1209 480 1272 542 227

251 644 395 708 sentibus
414 644 605 707 miraculum
620 666 803 729 magnoque
817 644 934 709 honori
954 642 1068 708 Catani
1081 644 1151 708 fuit.
1180 642 1275 708 Dona
1293 661 1327 708 43

252 734 364 796 deinde
393 733 555 814 omnibus,
593 735 648 817 qui
676 733 813 798 Bessum
844 733 1055 816 adduxerant,
1085 734 1159 797 data
1191 738 1274 798 sunt.

252 821 400 886 Ceterum
425 823 620 906 supplicium
649 823 717 887 eius
742 822 884 905 distulit,
914 827 950 888 ut
974 845 1011 887 eo
1035 824 1122 905 loco,
1152 824 1274 906 inquo

251 912 393 975 Dareum
418 913 587 994 occiderat,
611 913 679 995 ipse
702 917 879 976 necaretur.

198 1004 235 1057 25
318 1000 444 1065 Interea
471 1001 663 1066 Macedones
694 1001 735 1064 ad
768 1002 942 1084 petendum
978 1001 1135 1085 pabulum
1167 1002 1275 1065 incon·
1292 1006 1328 1059 Vl

225 1090 358 1174 aposito
392 1091 519 1174 agmine
553 1092 675 1176 egressi
703 1115 722 1154 a
756 1091 914 1176 barbaria,
955 1092 1011 1175 qui
1044 1092 1082 1156 de
1119 1093 1276 1175 proximis

252 1180 417 1243 montibus
451 1180 673 1258 decurrenmt‚
711 1183 939 1265 opprimuntur
975 1180 1149 1264 pluresque
1191 1181 1277 1263 capti

252 1273 327 1333 sunt
360 1291 456 1351 quam
490 1269 602 1335 occisi:
642 1268 771 1334 barbari
809 1274 917 1335 autem
955 1271 1100 1354 captivos
1133 1292 1210 1354 prae
1243 1287 1311 1333 sea

252 1364 383 1442 agentes
414 1381 525 1422 rursus
555 1360 588 1422 in
616 1363 760 1423 montem
791 1362 1001 1425 recesserunt.
1047 1377 1096 1424 xx
1120 1358 1211 1422 milia
1233 1359 1276 1423 la·

211 1472 236 1510 10
251 1451 381 1512 tronum
420 1454 527 1512 erant:
565 1448 674 1511 fundis
711 1449 904 1533 sagittisque
936 1470 1078 1533 pugnam
1112 1448 1276 1512 invadunt.
1365 1527 1366 1532 ἵ

253 1537 339 1613 Quos
364 1537 439 1602 dum
468 1537 595 1602 obsidet
618 1560 689 1622 rex,
717 1538 803 1601 inter
826 1538 1088 1622 promptissimos
1120 1537 1276 1601 dimicans
1296 1556 1311 1600 3

252 1628 371 1711 sagitta
394 1629 477 1690 ictus
502 1631 564 1710 est,
593 1627 731 1709 quaein
763 1628 869 1691 medio
894 1649 985 1693 crure
1014 1627 1079 1690 fixa
1102 1626 1278 1711 reliquerat

251 1716 420 1799 spiculum.
466 1715 564 1780 lllum
588 1716 717 1799 quidem
740 1718 855 1780 maesti
880 1720 912 1782 et
936 1717 1067 1780 attoniti
1086 1715 1277 1780 Macedones
1296 1735 1313 1780 4

252 1806 286 1869 in
310 1810 415 1868 castra
438 1804 627 1889 referebant,
656 1805 712 1869 sed
735 1828 795 1870 nec
818 1806 973 1870 barbaros
997 1806 1115 1869 fefellit
1139 1805 1276 1871 subduc-

212 1918 236 1955 11
252 1898 304 1957 tus
329 1916 367 1957 ex
392 1897 458 1957 acie
484 1932 524 1940 -
551 1896 671 1978 quippe
695 1916 733 1957 ex
763 1895 850 1959 edito
875 1900 983 1959 monte
1009 1898 1124 1959 cuncta
1146 1916 1277 1978 prospe-

252 1987 365 2046 xerant
381 2009 437 2047 —:
461 1984 570 2066 itaque
589 1989 720 2067 postero
740 1983 792 2047 die
812 1985 927 2048 misere
950 1984 1075 2070 legatos
1094 1984 1135 2048 ad
1157 2006 1276 2069 regem.
1296 2003 1312 2047 5

253 2071 340 2148 Quos
365 2072 419 2136 ille
442 2073 592 2156 protinus
612 2073 708 2138 iussit
731 2073 861 2137 admitti
885 2073 1065 2156 solutisque
1084 2074 1192 2138 fasciis
1212 2097 1276 2137 ma·
1352 2098 1354 2101 ’

253 2162 456 2246 guitudinem
475 2162 618 2225 vulneris
638 2162 845 2227 dissimulans
865 2184 938 2228 crus
957 2163 1102 2227 barbaris
1127 2162 1276 2228 ostendit.

251 2250 304 2314 llli
337 2252 417 2316 iussi
450 2252 616 2315 considere
649 2252 822 2315 adfirmant
852 2274 917 2316 non
950 2251 1143 2316 Macedonas
1180 2271 1311 2336 quamc

212 2363 238 2401 ao
252 2340 341 2424 ipsos
364 2341 525 2405 tristiores
548 2341 647 2405 fuisse
672 2341 803 2427 cognito
827 2344 959 2406 vulnere
983 2342 1100 2425 ipsius:
1133 2343 1224 2406 cuius
1249 2342 1277 2405 si

253 2433 417 2494 auctorem
440 2433 667 2514 repperissent,
691 2430 856 2496 dedituros
879 2433 996 2496 fuisse:
1020 2453 1094 2495 cum
1118 2432 1167 2495 dis
1191 2432 1276 2495 enirn

253 2542 398 2604 pugnare
436 2521 609 2604 sacrilegos
637 2524 773 2584 tantum.
830 2519 980 2585 Ceterum
1014 2542 1047 2585 se
1080 2525 1210 2607 gentem
1243 2521 1310 2585 1111

252 2609 349 2672 fidem
378 2609 491 2672 dedere
522 2613 689 2693 superatos
713 2612 845 2675 vulnere
876 2611 974 2674 illius.
1020 2608 1091 2673 Rex
1114 2610 1177 2673 fide
1202 2610 1277 2672 data

254 2703 285 2761 et
318 2699 454 2781 captivis
491 2700 629 2783 receptis
667 2703 797 2784 gentem
835 2699 870 2762 in
904 2699 1100 2763 deditionem
1145 2698 1276 2784 accepit.

212 2810 237 2848 11
254 2787 375 2851 Castris
404 2787 478 2851 inde
508 2790 606 2852 motis
636 2790 751 2852 lectica
781 2788 916 2852 militari
946 2787 1119 2853 ferebatur.
1173 2786 1312 2863 Quams

252 2899 309 2959 pro
334 2899 368 2940 se
392 2878 529 2960 quisque
553 2899 649 2960 eques
674 2877 834 2962 pedesque
855 2878 963 2941 subire
986 2876 1166 2942 certabant:
1190 2877 1277 2960 equi-

251 2970 309 3049 tes,
333 2987 406 3030 oum
430 2966 548 3049 quibus
567 2989 625 3030 rex
647 2967 771 3050 proelia
788 2967 870 3031 inire
894 2967 1010 3031 solitus
1035 2970 1112 3048 erat,
1136 2967 1186 3029 sui
1209 2988 1278 3029 mu-

252 3055 337 3118 neris
366 3056 399 3118 id
424 3077 493 3119 esse
517 3056 704 3139 censebant,
734 3056 860 3140 pedites
890 3059 1017 3138 contra,
1048 3078 1121 3119 cum
1152 3055 1277 3120 saucios

253 3146 490 3208 commilitones
515 3145 577 3227 ipsi
600 3149 726 3230 gestare
750 3144 981 3229 adsuevissent,
1012 3145 1094 3229 eripi
1118 3144 1181 3208 sibi
1203 3166 1277 3228 pro-

326 3311 339 3357 1
361 3302 460 3357 Catani
475 3305 628 3357 Kiachiua:
645 3302 738 3357 cateni
752 3308 784 3356 Δ.
840 3308 856 3355 3
877 3302 1058 3373 supplicium]
1075 3302 1170 3371 suppli
1185 3321 1233 3355 um
1247 3307 1276 3357 P.

252 3381 269 3426 4
288 3375 438 3440 occiderat,
458 3375 519 3443 ipse
538 3375 648 3442 scripsi:
668 3374 729 3443 ipse
744 3374 887 3428 occiderat
901 3380 931 3430 Δ,
992 3374 1153 3445 necaretur]
1167 3377 1277 3428 natare-

252 3449 299 3498 tur
307 3454 335 3499 P.
391 3452 424 3500 10
435 3446 616 3517 sagittisque]
628 3445 785 3516 flagitiaque
795 3451 848 3500 LP.
901 3452 933 3499 11
943 3445 1181 3516 promptissimos]
1194 3462 1277 3514 prop-

252 3519 376 3571 tissimos
395 3523 443 3570 PV
457 3537 491 3572 m.
505 3536 548 3585 pr.
620 3524 652 3571 17
672 3516 782 3588 fasciis]
801 3517 884 3570 faciis
903 3522 950 3570 Pv
965 3536 999 3572 m.
1010 3536 1055 3586 pr.
1131 3522 1163 3570 19
1184 3516 1277 3571 Mace-

253 3591 341 3642 donas
360 3596 392 3642 P:
412 3590 579 3643 macedones
600 3595 624 3642 c.
705 3589 794 3659 ipsos]
814 3590 876 3657 ipso
895 3594 923 3642 P.
1007 3595 1039 3642 21
1060 3590 1104 3642 dis
1122 3594 1155 3642 P:
1176 3589 1230 3641 diis
1250 3596 1275 3642 c.

254 3668 285 3713 13
306 3661 433 3731 vulnere]
448 3662 561 3715 uelnere
576 3666 605 3715 B.
661 3660 738 3714 illius
753 3668 783 3715 0:
804 3660 848 3713 illi
862 3665 890 3713 P.
947 3666 980 3713 ‘24
996 3660 1181 3731 deditionem]
1198 3660 1277 3714 dedi-

254 3735 364 3786 catione
383 3740 411 3786 P.
468 3738 501 3785 25
522 3732 676 3804 ferebatur]
694 3732 852 3787 iferebatur
865 3738 893 3784 P.
950 3737 982 3785 28
1003 3731 1167 3802 censebant]
1188 3748 1276 3786 cesse-

253 3805 323 3857 bant
342 3811 409 3858 Lm.
421 3809 552 3873 pavia.
563 3822 609 3873 pr.
666 3806 776 3869 contra,
797 3805 873 3874 cum]
893 3806 1069 3857 contractum
1088 3808 1115 3858 P.
1167 3802 1277 3871 seipsi

253 3878 422 3931 Frobeuius:
442 3877 503 3945 ipse
517 3881 547 3930 Δ.
609 3876 804 3929 adsuevissent
822 3874 994 3931 Frobcuius:
1013 3875 1200 3928 adsuauissat
1218 3880 1245 3921 1.

1078 3961 1135 4016 lb*
