3150 4459
645 459 851 515 PRAEFATIO
1211 457 1263 513 VII

238 637 306 693 tore
340 632 512 709 recognitus
540 630 843 706 adnotationibusque
872 632 986 689 auctus.
1032 630 1141 689 Postea
1168 631 1260 688 maxi·

240 742 352 799 meque
381 720 499 779 saeculo
532 720 646 779 decimo
679 720 784 795 quinto
813 739 831 778 a
859 719 1060 796 compluribus
1092 718 1262 777 hominibus

240 813 339 871 denuo
360 808 535 889 corrigendo
554 810 617 870 sive
637 809 811 869 emendatus
831 811 893 868 sive
912 809 1093 885 depravatus
1113 810 1166 868 est.

310 900 353 959 Hi
372 898 487 958 codices
502 917 685 974 quamquam
698 918 794 973 neque
814 897 963 957 erroribus
976 897 1065 956 liberi
1079 900 1149 956 sunt
1167 915 1263 974 neque

243 990 477 1066 interpolatione
491 988 580 1063 plane
594 991 705 1063 carent,
723 991 825 1047 tamen
843 988 926 1046 illius
940 987 1017 1046 labis
1032 990 1166 1063 expertes
1186 990 1263 1061 sunt,

244 1098 304 1155 qua
322 1081 429 1154 postea
447 1077 570 1152 codices,
590 1080 735 1152 quantum
754 1078 825 1152 scio,
844 1095 945 1137 omnes
964 1095 1080 1135 summa
1099 1076 1263 1136 describen-

242 1170 320 1227 tium
344 1167 469 1226 libidine
487 1166 593 1225 infecti
615 1171 693 1242 sunt,
711 1170 748 1225 ut
765 1187 800 1225 ex
820 1186 922 1225 eorum
943 1166 1121 1225 lectionibus
1139 1166 1264 1241 reperiri

242 1276 330 1334 posse
350 1256 501 1331 diffidam,
523 1252 599 1331 'quid
617 1257 786 1332 archetypi,
811 1256 891 1314 unde
918 1255 1059 1331 descripti
1078 1257 1160 1330 sunt,
1185 1255 1264 1331 fidei,

243 1348 315 1423 quid
340 1345 531 1404 librariorum
548 1347 669 1423 ingenio
696 1345 846 1404 debeatur.
887 1345 993 1403 Eidem
1018 1348 1120 1404 tamen
1144 1347 1265 1420 propter

244 1435 391 1512 quasdam
406 1435 592 1510 corruptelas
606 1435 637 1493 in
652 1435 711 1493 duo
726 1454 835 1513 genera
849 1435 1027 1512 segregandi
1038 1439 1116 1511 sunt,
1136 1454 1265 1509 quorum

245 1527 376 1585 alterum
403 1525 534 1583 codicem
561 1524 747 1598 Parisinum,
777 1526 906 1584 alterum
934 1525 1049 1583 codices
1076 1524 1264 1598 Bemensem,

243 1615 461 1689 Florentinum,
476 1612 660 1689 Leidensem,
680 1613 861 1673 Vossianum
876 1614 1083 1689 conplectitur,
1102 1633 1137 1672 er
1156 1613 1265 1689 quibus

245 1721 314 1763 suas
335 1706 462 1779 quisque
477 1706 507 1761 et
519 1703 623 1762 laudes
642 1706 672 1762 et
686 1704 762 1762 vitia
775 1704 876 1780 habet,
894 1706 929 1761 ut
942 1705 1044 1761 nullus
1059 1721 1162 1762 eorum
1176 1704 1265 1778 plane

244 1792 447 1872 neglegendus
462 1793 511 1852 sit.
543 1794 588 1851 Er
603 1811 749 1852 consensu
762 1795 858 1869 igitur
871 1792 1026 1868 utriusque
1041 1793 1158 1870 generis
1173 1795 1264 1868 scrip·

243 1885 345 1941 tinem
371 1880 482 1941 codicis
507 1882 663 1959 archetypi
694 1884 833 1959 cognosci
858 1884 959 1959 patet,
989 1882 1042 1941 ubi
1067 1885 1167 1941 autem
1193 1883 1266 1940 haec

243 1991 355 2050 genera
377 1973 458 2030 inter
482 1989 514 2030 se
537 1971 730 2045 dissentiunt,
756 1971 917 2049 diligenter
941 1971 1187 2031 considerandum
1213 1974 1266 2044 est,

245 2062 317 2137 quid
336 2064 461 2136 propter
474 2063 692 2120 sententiarum
707 2062 855 2120 rationem
873 2061 921 2120 vel
941 2079 1105 2120 sermonem
1124 2060 1266 2119 Latinum

244 2151 292 2209 uel
311 2168 402 2209 usum
415 2151 570 2225 scriptoris
584 2151 764 2227 sequendum
779 2150 925 2210 videatur.
958 2150 1043 2210 Unde
1058 2150 1084 2209 si
1098 2150 1174 2208 nihil
1193 2151 1267 2208 certi

245 2239 324 2298 effici
341 2241 451 2314 potest,
470 2240 596 2300 fortasse
610 2241 637 2298 is
653 2240 788 2315 proxime
803 2240 840 2298 ad
855 2258 959 2300 verum
973 2240 1102 2314 accedet,
1121 2240 1173 2315 qui
1188 2238 1267 2298 codi-

245 2348 309 2388 cem
320 2328 493 2387 Parisinum
511 2332 660 2405 sequetur.
687 2330 775 2405 Nam,
789 2332 826 2387 ut
841 2328 946 2403 dicam,
962 2329 1042 2405 quod
1056 2330 1161 2403 sentio,
1177 2328 1267 2388 codex

245 2417 401 2477 Parisinus
426 2418 559 2477 melioris
584 2418 700 2495 generis
728 2418 858 2477 deterius
878 2419 1059 2495 exemplum,
1083 2419 1267 2494 archetypon

246 2509 348 2565 eutem
373 2507 508 2566 codicum
533 2507 705 2583 Beruensis,
730 2508 910 2583 Florentini,
936 2507 1103 2583 Leidensis,
1127 2506 1267 2567 Vossiani

246 2596 404 2655 deterioris
421 2596 538 2675 generis
552 2598 660 2657 melius
674 2599 842 2674 exemplum
856 2601 1079 2673 repraesentare
1093 2597 1167 2655 mihi
1187 2597 1266 2655 vide-

246 2689 303 2743 tur.
343 2684 430 2754 Quod
449 2686 632 2763 archetypon
645 2688 745 2746 nescio
764 2706 803 2744 an
817 2686 1019 2746 recensionem
1033 2687 1184 2763 quandam
1201 2706 1267 2763 per-

246 2793 366 2851 pessum
386 2774 439 2833 sit:
459 2793 549 2850 quam
563 2771 762 2852 suspicionem
782 2775 874 2834 etiam
893 2779 998 2853 auget,
1018 2776 1097 2852 quod
1116 2776 1162 2833 illi
1182 2779 1268 2851 quat·

246 2871 315 2923 tuor
342 2862 471 2939 codices,
490 2864 542 2941 qui
561 2884 597 2924 ex
615 2883 650 2924 eo
669 2866 810 2941 descripti
830 2868 912 2939 sunt,
931 2865 962 2923 in
976 2865 1161 2942 marginibus
1177 2865 1266 2924 adno-

246 2955 377 3012 tationes
396 2952 483 3011 Curti
498 2953 590 3013 verba
604 2955 666 3014 sive
681 2957 862 3032 corrigentes
877 2956 939 3013 sive
954 2955 1144 3031 explicantes,
1164 2955 1267 3029 quales

248 3044 367 3118 saepius
380 3042 451 3101 inde
470 3042 507 3101 ab
526 3043 651 3103 interitu
668 3046 788 3120 imperii
804 3043 932 3103 Romani
945 3046 977 3102 in
997 3043 1147 3103 codicibus
1167 3061 1267 3102 occur-

247 3135 332 3206 runt,
351 3131 500 3191 exhibent.
543 3132 601 3192 Sed
627 3133 786 3191 dolendum
812 3136 870 3208 est,
897 3132 977 3208 quod
1002 3133 1126 3192 alterius
1152 3133 1267 3210 generis

250 3240 325 3280 nunc
344 3241 439 3279 unum
457 3221 588 3283 codicem
605 3222 762 3300 habemus,
782 3241 850 3281 cum
872 3224 917 3281 ita
936 3222 1100 3281 diiudicare
1122 3241 1183 3281 non
1201 3240 1268 3298 pos-

249 3310 350 3384 simus,
364 3313 439 3385 quot
457 3312 520 3370 eius
539 3330 653 3371 errores
672 3312 733 3369 iam
747 3312 842 3371 codici
857 3313 1018 3389 archetypo
1033 3311 1184 3369 tribuendi
1198 3313 1268 3386 sint,

248 3402 323 3475 quot
340 3399 458 3458 librarii
476 3401 692 3481 neglegentiae.
729 3401 833 3461 Plures
857 3405 957 3460 autem
979 3403 1068 3460 huius
1087 3401 1202 3478 generis
1221 3420 1268 3460 co·

249 3488 327 3549 dices
356 3490 507 3564 quondam
539 3493 672 3551 extitisse
704 3490 768 3550 veri
800 3490 986 3550 simillimum
1018 3494 1071 3550 est.
1115 3491 1207 3567 Nam,
1235 3493 1269 3548 ut
1306 3492 1307 3495 ’

249 3580 388 3637 omittam
415 3579 510 3638 Modii
535 3580 667 3642 codicem
695 3578 915 3654 dolomensem,
945 3600 1033 3656 quem
1058 3579 1140 3639 haud
1166 3580 1268 3656 paucis

248 3668 320 3727 locis
343 3686 412 3727 cum
435 3668 535 3729 codice
557 3670 694 3729 Parisino
720 3671 906 3746 conspirasse
928 3670 1023 3729 Modii
1046 3672 1135 3728 notae
1155 3669 1268 3743 docent,
1389 3715 1391 3719 .

250 3776 281 3814 er
301 3757 486 3834 quibusdam
505 3760 655 3820 codicibus
675 3760 787 3818 saeculi
811 3760 917 3818 decimi
940 3779 1017 3818 nune
1037 3760 1154 3818 amissis
1173 3777 1269 3834 pauca

250 3845 419 3924 fragmenta
446 3853 619 3925 supersunt,
650 3866 776 3926 quorum
803 3849 943 3907 lectiones
975 3848 1011 3907 ab
1043 3848 1137 3906 altero
1162 3866 1269 3925 genere
