3150 4459
303 455 346 520 56
681 455 712 520 Q.
732 453 842 509 CURTI
861 455 946 509 RUFI

302 641 374 684 rurn
403 641 547 705 conpage
573 620 682 683 laxata
709 618 910 684 munimenta
938 618 1119 684 defecerant
1148 622 1184 683 et
1212 618 1319 685 classis

301 708 477 774 intraverat
511 712 641 793 portum
676 712 708 774 ct
742 708 873 793 quidam
906 708 1117 773 Macedonum
1150 708 1187 772 in
1219 712 1319 774 turrea

301 799 445 863 hostium
467 798 610 863 desemas
629 801 804 881 evaserant,
828 820 901 863 cum
920 797 1011 883 Tyrii
1033 802 1084 863 tot
1106 797 1207 863 simul
1227 797 1318 863 malis
1342 799 1345 804 ’

300 887 379 952 victi
408 886 464 951 alii
487 887 648 971 supplices
676 888 710 951 in
733 887 853 973 templa
877 887 1082 974 confugiunt,
1110 887 1168 952 alii
1196 887 1318 952 foribus

302 977 429 1042 aedium
457 976 615 1042 obseratis
644 981 804 1062 occupant
829 976 969 1041 liberum
998 975 1112 1042 mortis
1139 976 1344 1060 arbitriumi

300 1066 449 1131 nonnulli
472 1070 572 1131 ruunt
601 1067 635 1130 in
658 1066 786 1131 hostem
809 1066 895 1131 haud
919 1066 1015 1131 inulti
1042 1071 1152 1131 tamen
1176 1065 1318 1151 perituri,

249 1172 420 1241 lomagna
442 1178 517 1241 pars
541 1178 665 1221 summa
688 1159 849 1221 tectorum
874 1155 1041 1221 obtinebat
1064 1178 1142 1221 saxa
1165 1158 1208 1240 et,
1230 1154 1318 1241 qnid·

301 1246 380 1327 quid
410 1247 476 1310 fors
507 1246 542 1309 in
564 1267 677 1311 manus
709 1245 853 1329 dederat,
882 1245 1066 1331 ingerentes
1098 1245 1318 1311 subeuntibus.
1358 1319 1360 1326 ¹

299 1332 483 1400 Alexander
506 1335 658 1419 exceptis,
677 1334 734 1419 qui
757 1334 792 1401 in
815 1334 936 1420 templa
959 1334 1180 1420 confugerant,
1209 1355 1318 1400 omncs
1357 1331 1360 1392 Ϋ

248 1440 280 1489 14
299 1424 348 1488 int
334 1425 438 1489 terfici
467 1425 640 1511 ignemque
669 1424 765 1490 tectis
798 1423 875 1487 inici
907 1424 1006 1489 iubet
1051 1423 1113 1489 His
1143 1446 1202 1508 por
1231 1445 1346 1509 praes

299 1535 394 1579 eones
420 1512 640 1598 pronuntiatis
668 1536 763 1578 nemo
792 1516 902 1578 tamen
928 1516 1072 1578 armatus
1101 1534 1196 1597 opem
1223 1535 1246 1578 a
1272 1512 1318 1578 dia

299 1607 409 1686 petere
424 1604 591 1669 sustinuit:
610 1603 704 1687 pueri
723 1602 930 1707 virginesque
945 1602 1068 1687 templa
1081 1603 1318 1687 conpleverant,

251 1759 258 1777 ‚
302 1693 361 1757 viri
397 1692 432 1756 in
468 1691 629 1757 vestibulo
672 1714 802 1757 suarum
842 1694 980 1776 quisque
1017 1692 1144 1757 aedium
1181 1692 1318 1776 stabant,

247 1798 279 1846 la
299 1785 412 1866 parata
436 1781 579 1847 saevient
565 1782 652 1847 tibus
680 1782 783 1847 turba
830 1781 944 1846 Multis
971 1784 1082 1847 tamen
1109 1781 1207 1847 saluti
1231 1781 1318 1847 fuere

300 1870 434 1954 Sidonii,
472 1872 527 1956 qui
564 1872 650 1938 intra
681 1870 895 1936 Macedonum
928 1870 1088 1955 praesidia
1120 1875 1221 1936 erant.
1276 1870 1349 1937 Hiu

298 1960 411 2024 urbem
427 1961 556 2045 quidem
569 1962 656 2027 inter
669 1961 809 2027 victores
823 1960 1031 2046 intraverant,
1046 1960 1101 2025 sed
1116 1959 1318 2045 cognationis

298 2070 373 2113 cum
391 2049 499 2134 Tyriis
517 2073 676 2116 memores
699 2089 744 2097 -
767 2051 889 2135 quippe
908 2054 1079 2135 utramque
1101 2049 1215 2115 urbem
1235 2048 1318 2136 Age·

298 2161 409 2204 norem
433 2139 613 2206 condidisse
637 2140 812 2206 credebant
831 2178 873 2186 —
892 2140 1014 2206 multos
1039 2139 1211 2224 Tyriorum
1237 2138 1319 2205 clam

297 2232 504 2315 protegentes
537 2229 576 2293 ad
605 2252 664 2294 sua
690 2230 868 2314 perduxere
896 2229 1038 2315 navigia:
1067 2229 1186 2313 quibus
1214 2229 1319 2295 occul·

245 2333 277 2381 la
297 2318 374 2382 tatis
403 2318 525 2383 Sidona
552 2319 676 2384 devecti
704 2322 789 2397 sunt.
840 2336 887 2381 xv
916 2318 1005 2383 milia
1036 2318 1100 2384 hoc
1127 2318 1217 2383 furto
1248 2319 1352 2386 subu

297 2407 374 2472 duct
360 2412 394 2471 ta
412 2408 563 2472 saevitiae
583 2414 667 2473 sunt.
677 2407 679 2412 ’
688 2407 943 2512 Quantumque
952 2409 1119 2494 sanguinis
1136 2408 1250 2472 fusum
1268 2408 1319 2493 sit,

297 2497 348 2561 vel
378 2519 417 2560 ex
447 2497 510 2562 hoc
532 2498 696 2563 aestimari
730 2502 848 2582 potest,
883 2498 971 2582 quod
1000 2497 1087 2562 intra
1117 2457 1319 2564 munimenti

245 2602 276 2649 17
296 2587 385 2651 urbis
404 2604 440 2650 vl
459 2586 549 2652 milia
563 2591 761 2653 armatorum
775 2587 936 2652 trucidata
953 2589 1037 2651 sunt.
1015 2586 1190 2651 tTriste
1205 2586 1320 2654 deinde

297 2676 517 2760 spectaculum
551 2677 773 2742 victoribus
765 2700 813 2741 rra
847 2676 997 2761 praebuit
1026 2677 1126 2763 regis:
1161 2693 1188 2740 11
1217 2676 1319 2762 milia,

296 2765 330 2828 in
359 2766 477 2850 quibus
506 2765 689 2831 occidendis
714 2767 873 2831 defecerat
901 2766 1017 2849 rabies,
1045 2765 1195 2831 crucibus
1218 2765 1354 2834 adfixiu

243 2870 276 2918 18
295 2875 353 2938 per
375 2857 489 2940 ingens
513 2855 619 2921 litoris
639 2857 778 2940 spatium
797 2856 1026 2940 pependerunt.
1075 2853 1320 2941 Carthaginien-

296 2943 380 3008 sium
404 2944 520 3030 legatis
543 2946 688 3030 pepercit
711 2945 821 3009 addita
845 2946 1088 3010 denuntiatione
1111 2942 1203 3028 belli,
1232 2945 1320 3030 quod

296 3034 514 3117 praesentium
538 3057 647 3100 rerum
671 3034 845 3100 necessitas
869 3037 1057 3099 moraretur.

242 3138 275 3186 19
363 3121 466 3206 Tyros
486 3125 624 3208 septimo
644 3146 762 3207 mense,
786 3146 882 3209 quam
902 3123 1084 3209 oppugnari
1104 3128 1218 3208 coepta
1241 3128 1320 3210 erat,
1333 3130 1360 3186 21

296 3216 389 3296 capta
413 3216 471 3298 est,
494 3213 571 3278 urbe
595 3218 628 3277 et
647 3217 807 3278 vetustate
827 3213 962 3299 originis
986 3216 1018 3277 et
1037 3213 1149 3277 crebra
1166 3214 1320 3280 fortunae
1333 3241 1357 3282 ao

294 3302 449 3365 varietate
479 3302 730 3368 admemoriam
760 3304 962 3387 posteritatis
985 3302 1131 3389 insignis.
1179 3300 1321 3369 condita

367 3501 382 3548 5
402 3495 552 3568 obseratis]
572 3497 729 3551 obseruatis
747 3503 776 3564 P,
796 3497 951 3551 obserastis
970 3504 998 3550 1..
1073 3502 1087 3549 6
1107 3496 1196 3569 haud]
1216 3500 1270 3552 aut
1288 3504 1320 3553 V.

297 3568 530 3636 unidqua‘dl:
551 3568 620 3638 quid
638 3574 669 3621 Δ.
761 3568 908 3640 8manus]
928 3568 1103 3622 manibusc.
1200 3574 1235 3623 10
1254 3569 1321 3644 His]

294 3640 318 3693 is
333 3645 363 3692 V.
421 3645 452 3693 11
474 3642 599 3693 armatus
618 3658 668 3695 orn
684 3646 714 3695 V.
777 3645 809 3694 15
829 3640 949 3712 Sidonii]
970 3639 1081 3709 sydonii
1095 3645 1126 3693 V.
1190 3644 1224 3694 18
1244 3641 1321 3696 clam

295 3712 369 3765 Beni
370 3712 449 3765 leina:
469 3712 600 3766 etiamn.
656 3716 690 3764 20
710 3711 832 3795 Sidona]
847 3712 976 3766 sidonam
989 3718 1019 3767 V.
1076 3718 1109 3765 22
1128 3711 1321 3798 munimenta]

294 3785 477 3836 monumenta
494 3789 515 3835 P
533 3802 566 3837 m.
578 3802 623 3852 pr.
698 3783 758 3837 24
750 3784 909 3855 rra]1i.ta1‘
988 3782 1131 3855 praebuit]
1150 3783 1320 3855 praeferto.

292 3860 328 3909 27
342 3854 487 3927 peperat]
504 3855 648 3941 perpercit
663 3860 684 3907 B
698 3874 732 3915 m.
727 3874 789 3932 ..pr
805 3861 857 3908 LV
976 3878 980 3886 ·
