3150 4459
306 440 371 504 378
687 439 718 505 Q.
738 439 848 494 ouum
866 438 952 493 RUFI

306 603 403 667 etiam
427 604 572 688 gentium
597 604 761 668 communi
781 603 851 667 iure
869 602 1056 668 fraudetur?
1096 600 1132 667 si
1148 601 1346 668 Alexandro

307 692 443 756 similem
475 693 641 776 quaeritis,
669 714 845 775 numquam
874 692 1054 775 reperietis:
1083 691 1112 755 si
1139 693 1347 777 proximum,

271 780 360 845 ehic
383 781 471 845 solus
495 782 564 845 est’
603 780 663 846 His
686 781 805 845 auditis
828 781 937 846 contio
961 781 1065 865 primo
1089 780 1271 846 silentium
1296 804 1346 847 ve

305 872 356 934 lut
377 871 464 934 iussa
482 870 605 954 habuit,
628 870 829 935 conclamant
848 870 961 936 deinde
980 870 1101 953 pariter
1114 866 1345 935 Arrhidaeum

306 959 486 1024 vocandum
510 981 578 1024 esse
596 965 798 1043 mortemque
817 961 958 1042 meritos,
983 960 1039 1043 qui
1058 959 1255 1024 contionem
1278 962 1346 1025 sine
1368 985 1377 1023 i

272 1064 345 1112 seo
375 1048 572 1113 habuissent.
618 1049 701 1113 Tum
726 1048 847 1114 Pithon
873 1049 988 1134 plenus
1016 1048 1229 1113 lacrimarum
1261 1050 1346 1115 ordi-

308 1143 362 1202 tur
385 1137 499 1216 dicere,
521 1159 607 1202 nunc
629 1139 682 1202 vel
704 1138 843 1202 maxime
866 1136 1081 1202 miserabilem
1105 1158 1179 1201 esse
1199 1136 1345 1202 Alexan-

307 1226 414 1309 drum,
444 1229 500 1310 qui
523 1232 590 1291 tam
613 1226 773 1292 bonorum
797 1227 915 1292 civium
939 1226 1145 1309 militumque
1170 1226 1289 1291 fructu
1314 1231 1346 1292 et

307 1318 490 1399 praesentia
512 1316 681 1380 fraudatus
700 1320 792 1380 esset.
830 1315 958 1381 Nomen
977 1316 1061 1379 enim
1081 1316 1344 1400 memoriamque

273 1404 393 1489 bregis
413 1406 464 1469 sui
482 1409 608 1469 tantum
628 1407 792 1469 intuentes
812 1405 851 1468 ad
871 1409 976 1468 cetera
990 1405 1127 1488 caligare
1142 1425 1209 1469 eos.
1242 1404 1344 1469 Haud
1357 1431 1375 1469 a

308 1492 458 1579 ambigue
486 1499 555 1558 tum
586 1495 619 1556 in
648 1517 737 1575 eum,
770 1496 822 1558 cui
852 1515 987 1580 regnum
1018 1492 1264 1574 destinabatur,
1296 1495 1344 1559 in-

307 1584 409 1668 gessit
424 1585 555 1666 probra:
570 1589 611 1666 ot,
626 1605 707 1666 quae
723 1582 894 1665 obiecerat,
908 1583 1013 1668 magis
1028 1581 1090 1665 ipsi
1106 1581 1221 1645 odium
1241 1605 1343 1667 quam

307 1670 487 1736 Arrhidaeo
513 1675 732 1755 contemptum
757 1674 943 1736 attulerunt.
986 1670 1112 1755 Quippe
1137 1671 1218 1736 dum
1242 1674 1342 1737 mise

272 1764 432 1843 crentur,
464 1762 562 1825 etiam
585 1762 691 1825 favere
715 1765 899 1845 coeperunt.
946 1759 1051 1845 Igitur
1074 1782 1139 1824 non
1161 1760 1270 1824 alium
1296 1783 1343 1825 re-

309 1872 381 1935 gem
412 1872 446 1913 se
477 1873 572 1934 quam
601 1873 687 1931 eum,
721 1851 776 1934 qui
806 1851 846 1915 ad
868 1849 953 1914 hanc
976 1871 1065 1934 spem
1088 1847 1221 1934 genitus
1246 1855 1344 1934 esset,
1357 1876 1375 1915 a

308 1961 459 2023 passuros
477 1940 635 2024 pertinaci
653 1939 886 2003 adclamatione
906 1939 1070 2003 declarant
1088 1939 1268 2021 vocarique
1284 1938 1343 2003 Ar-

275 2028 476 2093 7rhidaeum
504 2028 624 2093 iubent.
672 2028 773 2106 Quem
797 2027 959 2114 Meleager
986 2028 1122 2092 infestus
1146 2027 1343 2112 invisusque

310 2116 479 2181 Perdiccae
507 2126 635 2181 strenue
663 2117 810 2201 perducit
838 2118 873 2181 in
895 2118 1031 2202 regiam:
1062 2121 1095 2179 et
1117 2114 1240 2181 milites
1266 2117 1343 2181 Phi·

309 2205 436 2289 lippum
460 2206 695 2271 consalutatum
719 2228 828 2291 regem
853 2210 1027 2290 appellant.

275 2308 291 2355 8
379 2292 527 2359 Ceterum
557 2294 637 2360 haec
660 2296 749 2380 vulgi
774 2299 843 2359 erat
865 2317 941 2377 vox,
973 2294 1156 2378 principum
1179 2293 1247 2357 alia
1272 2282 1383 2359 sen-tt

311 2385 420 2446 tentia.
467 2384 494 2446 Ε
528 2384 645 2467 quibus
672 2383 792 2448 Pithon
826 2384 997 2449 consilium
1020 2383 1191 2447 Perdiccae
1222 2385 1374 2468 exequie

312 2473 418 2555 coepit
440 2476 629 2555 tutoresque
652 2472 792 2537 destinat
814 2473 882 2537 filio
907 2496 947 2537 ex
970 2472 1103 2536 Roxane
1125 2472 1240 2538 futuro
1264 2471 1341 2536 Per·

385 2617 399 2664 1
420 2611 573 2682 communi]
593 2611 744 2665 communii
763 2618 792 2664 P.
903 2619 918 2664 2
939 2611 1097 2682 reperietis]
1120 2612 1293 2680 repperictis
1313 2618 1340 2665 P.

313 2688 328 2735 3
349 2682 452 2751 contio]
475 2683 571 2736 concio
590 2689 620 2736 V.
703 2683 793 2753 velut]
813 2683 898 2736 uelud
917 2689 945 2736 P.
1024 2690 1041 2737 4
1061 2681 1253 2754 conclamant]
1274 2700 1342 2736 con-

313 2754 449 2807 demnant
467 2760 496 2807 P.
578 2754 766 2807 Arrhidaeum
791 2755 950 2823 Zamptias:
977 2754 1137 2807 arithdeum
1159 2757 1247 2818 m,
1271 2754 1341 2807 arit-

313 2826 398 2878 deum
411 2830 440 2891 P,
455 2826 594 2879 eritdeum
608 2831 638 2878 V.
703 2827 891 2879 evocandum
906 2826 1010 2880 Aldus:
1024 2827 1159 2879 uocatum
1177 2829 1208 2877 A.
1274 2842 1340 2879 con·

312 2895 431 2965 tionem]
442 2896 604 2949 concionem
612 2902 644 2949 V.
696 2897 825 2951 ssPithon
835 2896 1112 2965 Frobeaias:phiton
1121 2900 1152 2949 A.
1203 2895 1341 2967 8frnctu]

312 2967 437 3020 fructum
451 2973 558 3020 ΗΠ.
630 2974 661 3020 11
677 2972 738 3020 tum
753 2969 783 3020 in
799 2985 863 3022 eum
877 2970 987 3036 scripsi:
1005 2968 1136 3021 iuuenem
1150 2971 1181 3019 A.
1254 2967 1341 3021 desti·

314 3037 445 3108 nabetur]
468 3038 659 3092 distinebatur
672 3046 700 3092 P.
769 3040 888 3109 ingessit
907 3039 1020 3108 probra,
1040 3038 1200 3106 discripsi:
1220 3037 1341 3107 inpense
1369 3084 1371 3090 .

314 3109 417 3178 probra
436 3114 466 3162 A.
546 3114 578 3162 13
598 3110 752 3163 Arrhidaeo
777 3112 936 3178 Zumptius:
964 3110 1093 3164 arithdeo
1112 3114 1143 3164 A.
1223 3114 1259 3161 14
1279 3126 1341 3164 coe

314 3180 428 3250 parunt]
448 3184 582 3248 oeperunt
596 3187 623 3234 P.
697 3183 804 3253 regem]
824 3199 875 3237 cm.
892 3188 916 3233 0.
992 3186 1024 3235 16
1044 3180 1187 3251 passuros]
1206 3197 1341 3248 parsuros

316 3259 341 3305 c.
392 3252 544 3322 pertinaci]
563 3252 719 3319 pertinatia
738 3256 766 3306 et
780 3259 808 3305 P.
864 3251 1051 3305 Arrhidaeum
1070 3252 1231 3319 Zumptias:
1252 3252 1340 3305 arith·

316 3323 399 3376 deum
414 3327 475 3388 BV,
496 3324 635 3376 aritdeum
653 3330 731 3376 PLP.
807 3329 839 3376 17
858 3322 968 3394 iubent]
988 3323 1104 3377 iubeent
1119 3328 1145 3375 P.
1222 3327 1257 3376 18
1277 3323 1342 3376 Per·

316 3394 428 3517 fflccae]
439 3394 571 3461 perdicae
585 3399 614 3447 P.
670 3399 782 3448 strenue
797 3400 818 3446 P
832 3411 913 3449 cora:
929 3397 1062 3448 strennue
1075 3400 1107 3448 A.
1162 3391 1341 3465 Philippum]

316 3464 408 3536 philip
430 3482 478 3517 um
497 3469 542 3516 BL
556 3483 590 3519 m.
601 3484 656 3533 pr„
675 3466 846 3534 phylippum
864 3472 893 3517 P.
982 3472 1014 3520 19
1035 3464 1256 3536 consalutatum]
1276 3482 1343 3519 con-

317 3537 459 3591 saluatum
477 3542 510 3602 F,
530 3536 738 3589 consalutatum
757 3543 792 3602 L,
811 3536 1020 3590 consaluattum
1034 3543 1065 3590 V.
1125 3536 1233 3607 regem]
1253 3554 1305 3591 om.
1320 3543 1343 3589 V

316 3628 351 3664 m.
357 3627 402 3678 pr.
459 3612 493 3659 20
507 3607 679 3679 principum]
694 3607 864 3676 principium
875 3614 903 3673 12,
918 3608 1098 3676 principium
1108 3612 1137 3660 B.
1188 3613 1221 3660 21
1237 3607 1343 3662 Pithon

317 3679 486 3736 Frobenius:
501 3677 602 3745 phiton
616 3684 646 3733 A.
702 3679 864 3750 Perdiccae]
880 3680 1011 3747 perdicae
1025 3685 1054 3744 P,
1069 3679 1153 3749 'pdicp
1167 3684 1187 3729 P
1248 3685 1283 3732 22
1298 3682 1342 3732 tu·

317 3750 461 3821 torosque]
480 3751 641 3817 tutoresque
656 3756 678 3803 P
691 3767 726 3803 m.
736 3768 782 3818 pr.
839 3751 882 3821 ex]
903 3768 954 3805 om.
969 3756 998 3805 P.
1054 3749 1230 3819 Perdiccam]
1247 3750 1343 3819 perdi-

319 3842 380 3878 cam
399 3828 426 3874 t.
