3150 4459
493 445 746 500 meroanauu
765 445 980 501 maranum
998 447 1031 515 x,
1052 452 1093 501 ιο.
1157 420 1159 423 ’
1239 446 1305 511 389

283 609 359 674 Vim
383 612 492 674 autem
515 611 639 695 veneni,
662 609 750 694 quod
772 610 808 673 in
821 610 1010 675 Macedonia
1028 609 1183 696 gignitur,
1206 612 1306 676 talem
1327 623 1360 671 16

283 721 353 763 esse
394 702 533 777 constat,
575 703 612 764 ut
651 700 774 763 ferrum
816 720 944 783 quoquo
981 703 1109 783 exurat,
1150 700 1305 786 ungulam

282 789 418 853 iumenti
437 788 605 852 dumtaxat
623 789 800 873 patientem
820 811 888 853 esse
903 786 1057 876 [constat]
1073 790 1154 853 suoi:
1170 787 1305 875 Stygem
1326 801 1359 849 17

282 881 448 962 appellant
466 878 598 963 fontem,
616 900 656 942 ex
675 900 739 962 quo
758 878 947 962 pestiferum
966 878 1055 943 virus
1074 882 1209 943 emanat.
1233 878 1306 941 Hoc

255 966 577 1121 ὕὲῗθῗῗῗῗῗζέἐ
597 967 996 1142 iilluliiiiidldidui
1024 965 1306 1121 fidilihiiiuil
1325 1068 1358 1116 a

282 1167 344 1229 que
368 1080 468 1231 sunt,p
480 1146 600 1211 eredita
623 1080 745 1230 eoruiir,
778 1168 861 1230 quos
884 1164 996 1211 rumor
1018 1108 1206 1231 asperserat,
1228 1168 1304 1211 mox

281 1235 426 1319 potentia
449 1237 602 1300 extinxit:
631 1258 768 1322 regnum
792 1237 878 1300 enim
901 1236 1108 1303 Macedoniae
1131 1235 1305 1321 Antipater

282 1330 314 1391 et
333 1324 497 1390 Graeciam
521 1347 650 1409 quoque
672 1325 800 1409 invasit,
824 1326 954 1391 suboles
977 1328 1091 1392 deinde
1110 1330 1236 1414 excepit
1257 1327 1305 1390 in·
1324 1336 1357 1383 19

240 1440 268 1481 ro
282 1415 426 1480 terfectis
457 1416 622 1498 omnibus,
655 1415 849 1499 quicumque
872 1414 1091 1482 Alexandrum
1115 1418 1212 1483 etiam
1235 1417 1304 1482 lon·

281 1505 403 1591 ginqua
435 1506 628 1590 cognatione
655 1504 866 1591 contigerant.
914 1503 1063 1571 Ceterum
1095 1529 1211 1590 corpus
1235 1508 1304 1572 eius
1323 1518 1357 1566 20

281 1617 300 1659 a
318 1594 518 1676 Ptolomaeo,
539 1593 591 1658 cui
611 1592 782 1679 Aegyptus
803 1598 948 1678 cesserat,
971 1596 1150 1680 Memphim
1174 1600 1207 1661 et
1230 1596 1304 1661 inde

280 1684 390 1767 paucis
413 1687 490 1769 post
512 1682 604 1748 annis
628 1682 864 1748 Alexandream
888 1685 1081 1751 translatum
1105 1690 1163 1771 est,
1186 1685 1304 1751 omnis-

282 1794 344 1856 que
366 1772 540 1837 memoriae
563 1793 600 1835 aa
622 1773 745 1838 nomini
768 1772 872 1838 honos
896 1773 1042 1839 habetur.
1274 1768 1338 1827 ——l

355 1973 369 2020 1
389 1966 501 2038 veneni]
524 1968 664 2022 ueneneni
683 1975 699 2021 s
717 1986 752 2023 iu.
767 1987 813 2038 pr.
906 1975 922 2023 2
940 1968 1078 2038 ungulam
1096 1975 1122 2022 1:
1146 1966 1254 2037 ungula
1273 1972 1303 2021 Δ.

283 2044 298 2093 8
317 2037 486 2109 patientem]
504 2039 666 2107 pacientem
680 2046 708 2107 L,
728 2043 776 2109 qui
789 2042 839 2096 hoc
852 2042 931 2095 uerbo
950 2041 1051 2095 desiuit
1065 2042 1097 2094 in
1110 2041 1165 2106 siae
1178 2039 1249 2106 folii.

282 2111 418 2181 [constat]
428 2111 478 2164 det.
493 2111 650 2167 Acidaliae.
688 2112 760 2167 suoi:
777 2112 905 2184 Stygem]
915 2111 1123 2182 sucystigemc.
1161 2110 1305 2164 oOassan·

281 2183 374 2252 drum]
395 2181 562 2235 casandrum
582 2189 606 2238 s.
661 2183 757 2256 fratri]
775 2186 841 2239 hiae
859 2185 1042 2253 propitier
1061 2184 1159 2237 descire
1177 2183 1306 2237 columna

281 2256 344 2322 folii
362 2256 482 2322 extremi,
500 2272 570 2324 quae
588 2261 645 2311 tota
658 2257 714 2323 fere
732 2258 828 2311 avolsa
841 2262 887 2323 eat,
906 2262 938 2310 ut
950 2261 1063 2324 practer
1080 2256 1305 2323 mtcmqitioaem

281 2328 354 2382 nihil
379 2329 432 2397 lapi
454 2329 544 2397 possit
566 2330 624 2383 uisi
646 2331 767 2397 quiaque
791 2329 896 2384 litterae
918 2345 1027 2383 memor
1049 2330 1122 2383 omis
1143 2327 1304 2381 memoriae.

282 2407 297 2452 6
322 2401 481 2471 supremae]
507 2406 644 2470 suppmae
664 2408 688 2455 s.
780 2407 813 2454 11
840 2401 1030 2472 contigerant]
1054 2399 1253 2471 contingerant
1275 2405 1303 2453 B.

282 2476 315 2524 12
334 2470 499 2525 Ptolomaeo
518 2473 629 2541 scripsi:
652 2473 796 2542 ptolomeo
812 2479 840 2539 s,
862 2472 1026 2542 ptholomeo
1041 2477 1069 2528 B.
1132 2478 1164 2527 13
1184 2472 1305 2527 Alexan-

282 2543 378 2596 dream
397 2547 430 2596 B:
460 2542 652 2597 alexandriam
672 2552 696 2599 s.
752 2563 873 2604 aevum
890 2563 954 2599 aver
971 2549 1133 2599 mascarano
1150 2561 1305 2597 inermum

280 2631 366 2667 araur
393 2632 546 2668 aicxnours
574 2635 653 2669 amas
666 2646 671 2657 ·
684 2636 719 2669 x·
748 2634 905 2671 xxrmcmus
933 2634 1075 2669 samarian
1101 2621 1134 2681 B,
1164 2633 1305 2676 covarr

280 2704 343 2739 avrr
360 2704 540 2741 nrauoaraavu
558 2704 712 2740 manuum
729 2706 816 2741 meur
833 2706 984 2742 menemus
1003 2706 1084 2741 arara
1099 2684 1182 2741 uacui
1197 2691 1305 2739 rameri

281 2763 349 2813 afra
362 2777 434 2812 anau
449 2764 478 2825 F,
493 2776 886 2819 o·cvar1avrraxsromxavu
895 2777 981 2813 uacui
990 2777 1142 2813 meracius
1152 2776 1305 2812 manuum

284 2848 564 2885 amram-amram
584 2836 609 2883 8.
