3150 4459
582 1121 630 1221 Q.
656 1121 849 1204 OURTI
872 1121 1026 1203 RUFI

662 1319 943 1380 HISTORIARUM

293 1472 294 1475 Ὗ
376 1513 1224 1613 Anaxaunarnaeur

672 1724 931 1791 MAGIIDONIS

705 1936 815 1989 LIBER
833 1936 906 1993 VIII.

252 2126 267 2179 1
358 2117 542 2181 Alexander
573 2118 695 2182 mamre
727 2114 815 2182 fama
848 2141 944 2202 quam
970 2118 1075 2205 gloria
1098 2120 1132 2183 in
1156 2118 1344 2184 dioioneml

290 2208 419 2271 redacta
441 2213 543 2291 petra,
571 2229 644 2270 eum
668 2212 802 2291 propter
825 2229 942 2294 vagum
966 2208 1093 2274 hostem
1119 2209 1316 2294 spargendae

291 2319 404 2361 manus
438 2300 556 2380 essent,
588 2296 622 2360 in
656 2301 720 2360 tres
753 2300 862 2381 partes
887 2297 998 2362 divisit
1021 2297 1206 2363 exereitum.
1252 2297 1316 2363 He-

290 2385 515 2471 phaestionem
538 2387 604 2469 uni,
629 2384 760 2451 Coenon
785 2386 878 2451 alteri
900 2386 997 2453 duces
1017 2387 1157 2471 dederat,
1180 2388 1249 2472 ipse
1268 2409 1318 2453 ee·

264 2476 370 2542 eteris
399 2479 554 2559 praeerat.
602 2474 665 2539 Sed
687 2497 755 2541 non
778 2475 891 2540 eadem
915 2498 1005 2541 mens
1030 2476 1180 2542 omnibus
1204 2475 1352 2543 barba-a

291 2565 335 2629 ris
367 2565 442 2629 fuit:
474 2565 571 2629 armis
595 2565 727 2649 quidam
750 2564 890 2644 subacti,
923 2569 1032 2650 plures
1056 2570 1131 2630 ante
1155 2569 1317 2629 certamen
1349 2641 1352 2645 Ι

292 2656 451 2737 imperata
479 2655 632 2718 fecerunt.
688 2652 812 2731 Quibus
840 2676 967 2739 eorum,
999 2654 1113 2739 quiin
1138 2654 1317 2720 defeetIone

290 2747 587 2828 perseveraverant,
624 2744 720 2808 urbes
753 2765 913 2830 agrosque
945 2744 1041 2809 iussit
1073 2744 1216 2808 attribui.
1273 2742 1352 2812 Ate

292 2835 401 2897 exules
433 2833 597 2897 Bactriani
634 2855 706 2897 eum
739 2849 831 2897 Dccc
863 2833 1119 2920 Massagetarum
1153 2832 1317 2917 equitibus

251 2950 277 2988 ιο
291 2924 457 3006 proximos
488 2922 576 2986 vicos
600 2926 816 2987 vastaverunt.
862 2921 914 2987 Ad
939 2944 1019 3007 quos
1043 2922 1236 2988 eoeroendos
1259 2921 1318 2986 At·

291 3013 385 3096 tinas,
408 3012 550 3097 regionis
574 3011 644 3075 eius
663 3012 855 3096 praefectus,
881 3029 945 3077 ccc
969 3012 1093 3096 equites
1117 3010 1318 3095 insidiarum,

293 3124 373 3185 quae
402 3101 614 3185 parabantur,
646 3101 779 3186 ignarus
808 3101 927 3166 eduxit.
975 3100 1123 3184 Namque
1154 3101 1259 3165 hostis
1283 3101 1353 3168 int

291 3190 382 3254 silvis
397 3228 440 3236 —
456 3194 487 3253 et
507 3194 598 3253 erant
616 3191 701 3254 forte
720 3211 835 3274 eampo
852 3192 981 3256 iunctae
996 3228 1038 3236 —
1054 3194 1214 3254 armatum
1232 3189 1317 3255 mili·

365 3354 378 3401 1
409 3346 561 3419 dicionem]
590 3347 727 3402 ditionem
751 3354 776 3402 c.
894 3355 909 3401 3
934 3346 1174 3418 Hephaestionem
1201 3348 1317 3417 eorpus:

293 3418 487 3489 ephestionem
507 3425 529 3471 Δ
548 3418 755 3503 [ephestionem
773 3420 817 3492 η.
891 3425 908 3473 4
928 3418 1039 3474 Coenon
1058 3419 1162 3474 Aldus:
1183 3419 1272 3474 aenon
1287 3424 1317 3473 Δ.

292 3489 459 3562 Sattribui]
488 3490 654 3558 adtnbu1²‚
682 3492 716 3544 ia
738 3490 837 3546 aiio
854 3508 909 3546 rus.
1030 3496 1046 3543 9
1072 3491 1154 3562 noco]
1178 3497 1265 3545 neoc*
1288 3498 1316 3545 P.

294 3569 326 3614 12
346 3562 475 3633 ignarus]
493 3563 559 3617 hiae
580 3564 682 3632 inape
703 3564 890 3633 fraymeatum
908 3563 1161 3632 Herbepozitaaam.
1237 3568 1270 3616 13
1290 3565 1318 3617 et

287 3636 372 3687 ⁴erant
387 3634 460 3686 forte
475 3650 575 3703 eampo
589 3640 621 3687 P:
641 3650 714 3703 quae
729 3636 811 3689 erant
825 3634 897 3689 forte
913 3650 1013 3705 eampo
1028 3637 1075 3687 ΒΕ
1089 3650 1157 3689 corr.
1172 3639 1193 3687 L
1208 3652 1275 3689 corr.
1286 3639 1318 3702 v,

293 3708 322 3759 et
341 3722 413 3774 quae
428 3709 508 3759 erunt
521 3705 594 3760 forte
609 3723 709 3775 campo
724 3712 745 3759 r
758 3724 793 3761 m.
803 3725 859 3777 pr„
878 3723 969 3775 equae
983 3709 1013 3760 et
1032 3708 1112 3760 erant
1125 3705 1199 3761 forte
1218 3722 1318 3777 eampo

292 3782 312 3829 1.
329 3795 361 3831 m.
372 3796 428 3848 pr„
448 3779 477 3830 et
495 3778 568 3833 forte
587 3794 687 3847 eampo
707 3779 788 3831 erant
806 3784 840 3833 Η.

1066 3912 1083 3946 δ
