3150 4459
434 344 687 399 HISTORIARUM
706 344 921 399 ALEXANDRI
938 347 983 413 Ill,
1003 353 1027 400 3.
1043 353 1067 400 4.
1218 348 1258 411 13

238 510 348 575 fauces
372 509 584 594 munimenta,
613 530 695 593 quac
718 531 816 574 manu
839 510 1004 596 ponimus,
1031 509 1170 575 naturali
1194 511 1259 575 situ

239 600 413 665 imitantes.
464 597 570 685 Igitur
594 597 759 683 Arsames,
787 600 843 684 qui
869 597 998 665 Ciliciae
1026 603 1185 684 praeerat,
1212 620 1295 667 re÷3

239 693 375 773 putans,
406 687 484 771 quid
511 688 605 752 initio
633 688 712 752 belli
739 688 869 754 Memno
898 690 1064 774 suasisset,
1098 689 1259 774 quondam

239 778 369 843 salubre
398 777 569 842 consilium
601 799 672 842 sero
706 778 821 862 exequi
852 780 980 844 statuit:
1011 780 1080 863 igni
1109 781 1259 863 ferroque

219 868 388 933 rCiliciam
412 870 529 951 vastat,
557 870 594 931 ut
617 867 704 931 hosti
728 868 937 933 solitudinem
960 868 1071 951 faciat,
1102 868 1273 953 quidquid,

238 959 312 1022 usui
341 960 450 1042 potest
477 978 560 1041 esse,
588 957 766 1042 corrumpit
795 957 902 1022 sterile
931 980 968 1023 ac
995 958 1117 1022 nudum
1146 958 1259 1039 solum,

238 1047 327 1132 quod
346 1046 431 1111 tueri
450 1047 614 1131 nequibat,
637 1046 807 1111 relicturus
863 1045 925 1112 Sed
943 1047 1040 1134 longe
1058 1047 1172 1112 utilius
1196 1048 1259 1111 fuit
1279 1066 1296 1113 4

238 1137 407 1222 angustias
431 1136 546 1220 aditus,
577 1136 632 1219 qui
657 1133 803 1201 Ciliciam
827 1137 945 1221 aperit,
973 1137 1079 1202 valido
1105 1159 1260 1221 occupare

236 1226 402 1312 praesidio
435 1226 611 1312 iugumque
645 1230 827 1310 opportune
859 1227 968 1290 itineri
1001 1227 1172 1291 imminens
1206 1227 1259 1291 ob-

202 1338 223 1381 n
237 1317 354 1397 tinere,
384 1316 468 1379 unde
491 1315 614 1379 inultus
639 1316 829 1380 subeuntem
853 1314 979 1380 hostem
1009 1321 1064 1380 aut
1087 1316 1260 1400 prohibere

235 1408 296 1470 aut
330 1405 512 1488 opprimere
544 1404 715 1488 potuisset:
753 1427 839 1469 nunc
871 1406 996 1490 paucis,
1036 1407 1092 1489 qui
1126 1404 1296 1469 callibusc

235 1493 474 1579 praesiderent,
507 1494 628 1558 relictis
661 1497 747 1559 retro
781 1495 850 1578 ipse
884 1495 1055 1577 concessit,
1086 1495 1262 1579 populator

235 1590 355 1663 terrae,
376 1605 472 1667 quam
487 1583 786 1668 apopulationibus
801 1584 963 1648 vindicare
979 1584 1122 1648 debebat.
1172 1584 1260 1670 Ergo

234 1674 296 1758 qui
322 1672 428 1737 rolicti
451 1676 555 1755 erant,
583 1674 730 1757 proditos
754 1695 787 1739 se
811 1674 874 1736 rati
897 1696 937 1737 ne
962 1678 1169 1758 conspectum
1193 1674 1261 1757 qui-

188 1766 314 1831 ladem
352 1762 456 1827 hostis
489 1762 646 1827 sustinere
678 1762 863 1846 valuerunt,
900 1785 972 1827 cum
1010 1764 1062 1827 vel
1093 1763 1261 1848 pauciores

184 1854 218 1917 [0
233 1855 350 1918 locum
383 1852 528 1917 obtinere
561 1853 752 1935 potuissent.
806 1850 955 1936 Namque
988 1857 1145 1937 perpetuo
1184 1852 1296 1938 ingoc

234 1941 363 2008 montis
396 1942 501 2026 asperi
533 1963 570 2004 ac
602 1942 767 2026 praerupti
802 1940 914 2007 Cilicia
946 1941 1134 2006 includitur:
1174 1942 1262 2024 quod

235 2054 317 2097 cum
350 2054 369 2095 a
400 2031 482 2094 mari
513 2031 679 2117 adsurgat,
711 2031 801 2095 velut
834 2031 906 2095 sinu
939 2032 1079 2115 quodam
1111 2032 1261 2115 flexuque

234 2125 410 2186 curvatum
444 2142 555 2185 rursus
583 2120 685 2185 altero
715 2142 815 2187 cornu
845 2121 878 2184 in
908 2120 1069 2185 diversum
1098 2120 1176 2184 litus
1211 2144 1262 2185 ex·

188 2242 217 2281 20
234 2210 351 2275 currit.
397 2209 460 2274 Per
486 2209 548 2274 hoc
572 2210 717 2293 dorsum,
748 2232 811 2294 qua
834 2210 973 2274 maxime
996 2211 1156 2276 introrsus
1180 2210 1262 2273 mari
1283 2228 1297 2275 7

235 2300 342 2383 cedit,
371 2299 475 2383 asperi
503 2302 569 2364 tres
598 2298 704 2363 aditus
732 2305 764 2363 et
792 2300 981 2384 perangusti
1010 2304 1100 2382 sunt,
1124 2321 1262 2383 quorum

235 2412 307 2454 uno
347 2387 459 2453 Cilicia
496 2388 646 2453 intranda
683 2392 740 2453 est.
802 2387 999 2473 Campestris
1036 2389 1160 2467 eadem,
1198 2406 1297 2471 quas

236 2478 348 2564 vergit
371 2478 411 2542 ad
433 2500 530 2561 mare,
558 2478 726 2562 planitiem
750 2478 818 2542 eius
842 2478 963 2543 crebris
988 2478 1261 2564 distinguentibus

237 2568 335 2633 rivis:
362 2566 519 2652 Pyramus
548 2570 580 2631 et
609 2566 753 2650 Cydnus,
782 2567 887 2631 incliti
915 2589 1038 2650 amnes,
1066 2568 1262 2632 interfluunt.

192 2687 221 2727 aa
239 2656 376 2741 Cydnus
397 2679 465 2721 non
488 2658 592 2741 spatio
617 2678 782 2740 aquarum,
806 2656 862 2720 sed
884 2657 1011 2740 liquore
1029 2657 1261 2723 memorabilis:

239 2748 363 2831 quippe
395 2746 461 2809 leni
488 2750 594 2811 tractu
626 2768 643 2811 e
671 2746 818 2811 fontibus
846 2746 958 2810 labens
991 2769 1073 2831 puro
1107 2746 1176 2812 solo
1210 2769 1261 2810 ex-

239 2836 373 2921 cipitur,
396 2856 455 2899 nac
477 2839 636 2901 torrentes
660 2835 844 2920 incurrunt,
873 2836 928 2919 qui
951 2836 1077 2920 placide
1100 2836 1261 2899 manantis

240 2929 369 2991 alveum
406 2924 545 2989 turbent.
600 2924 714 3009 ltaque
747 2926 954 3010 incorruptus
988 2925 1138 3008 idemque
1172 2925 1296 3009 frigi-s

242 3015 404 3099 dissimus,
424 3014 543 3099 qnippe
561 3017 664 3079 multa
677 3015 824 3099 riparum
840 3015 1033 3080 amoenitate
1048 3014 1262 3096 inumbratus,

199 3134 226 3173 ao
241 3105 364 3188 ubique
382 3102 528 3169 fontibus
551 3104 618 3168 suis
642 3103 757 3168 similis
781 3106 815 3168 in
834 3126 921 3168 mare
940 3104 1055 3168 evadit.
1101 3104 1205 3168 Multa
1228 3104 1262 3168 in
1283 3119 1316 3166 10

241 3216 279 3259 ea
316 3193 448 3280 regione
480 3197 688 3259 monumenta
722 3193 855 3279 vulgata
887 3193 1083 3259 carminibus
1119 3196 1262 3258 vetustas

315 3388 494 3443 limitantes
508 3389 637 3457 Euflacr:
657 3388 837 3443 imitantes.
918 3392 933 3439 3
953 3387 1107 3457 quondam]
1127 3389 1155 3439 ct
1175 3402 1262 3454 quon-

242 3462 308 3515 dam
327 3465 348 3513 B
367 3479 402 3515 m.
412 3477 457 3530 pr.
549 3460 698 3531 tatatuit]
722 3460 811 3513 stanit
829 3465 859 3512 v.
947 3460 1139 3528 90pp01tuna
1158 3458 1261 3513 Aldus:

185 3569 195 3644 l
241 3531 955 3675 dioillrlincia]Acyliciallr.debfdadbaddledulddsct.
1011 3531 1217 3672 cddnulleduiiid
1236 3536 1262 3655 d.

241 3682 275 3731 20
295 3676 364 3747 qua]
383 3692 439 3744 quo
456 3682 475 3729 Ρ
491 3694 525 3729 m.
541 3693 585 3744 pr.
673 3680 707 3727 24
726 3673 874 3744 Pyramus]
898 3672 1022 3742 piramus
1041 3679 1068 3725 P.
1157 3671 1262 3744 inoliti]

241 3746 382 3817 inclyti?
453 3746 638 3803 interfluunt
656 3748 767 3816 sampsi:
787 3745 878 3800 fluunt
897 3751 928 3800 Δ.
