3150 4459
301 454 366 519 254
679 453 711 519 Q.
731 454 840 508 CURTI
858 453 944 507 RUFI

301 620 399 702 capiti
429 618 516 704 regis
539 618 749 683 inminentem
773 617 882 703 gladio
907 616 1101 701 amputavit,
1136 620 1239 681 vetus
1315 615 1323 631 '

248 724 280 770 21
300 708 382 792 lippi
405 708 498 772 miles
522 707 697 791 multisque
721 706 846 772 bellicis
870 706 1022 790 operibus
1046 707 1163 772 clarus.
1214 705 1266 771 Et
1280 705 1366 788 Le„

301 800 381 881 nice,
405 818 487 880 quae
500 796 721 861 Alexandrum
740 796 939 879 educaverat,
962 817 1054 860 soror
1073 795 1153 878 eius,
1175 796 1274 860 haud
1291 789 1367 861 ses⁴

302 908 358 951 cus
392 908 489 969 quam
522 890 624 950 mater
651 908 670 949 a
697 907 773 971 rege
802 885 1006 971 diligebatur.
1054 882 1102 949 Ob
1128 883 1190 948 has
1219 905 1337 951 causae

301 975 532 1056 validissimam
556 975 684 1059 imperii
706 979 832 1058 partem
853 974 929 1038 fidei
948 974 1018 1039 eius
1036 975 1229 1057 tutelaeque
1250 995 1371 1052 com-s¹

248 1078 281 1127 22
302 1065 400 1129 misit.
436 1062 569 1147 Iamque
592 1065 654 1128 iter
676 1086 789 1148 parare
810 1063 845 1127 in
863 1067 1030 1147 posterum
1047 1064 1157 1127 iussus
1177 1062 1364 1130 sollemni·

301 1160 335 1218 et
366 1153 559 1237 tempestivo
592 1153 764 1218 adhibetur
792 1153 976 1218 convivia-e
1003 1149 1041 1216 In
1074 1172 1232 1249 quqsrex
1261 1173 1338 1220 cum
1356 1189 1371 1216 .-

302 1246 405 1308 multo
433 1243 621 1308 incaluisset
650 1264 753 1325 mero,
785 1242 967 1308 inmodicus
991 1241 1180 1307 aestimator
1207 1241 1266 1307 sui
1288 1263 1339 1308 cer
1357 1253 1375 1326 j

300 1333 434 1417 lebrare‚
454 1354 536 1415 quae
554 1335 708 1417 gesserat,
727 1334 843 1415 coepit,
865 1332 973 1417 gravis
993 1331 1091 1396 etiam
1109 1351 1230 1395 eorum
1250 1331 1338 1417 auri·
1366 1337 1380 1390 1

247 1435 282 1484 aa
300 1420 375 1505 bus,
406 1422 462 1505 qui
490 1421 671 1485 sentiebant
694 1442 769 1484 vera
792 1423 973 1486 memorari.
1020 1419 1193 1486 Silentium
1221 1425 1337 1486 tamen

301 1511 442 1575 habuere
466 1512 617 1592 seniores,
642 1510 743 1574 donec
756 1509 903 1594 Philippi
922 1531 973 1574 res
993 1531 1085 1575 orsus
1105 1509 1338 1613 obterere,no·

301 1601 399 1665 bilem
432 1599 518 1683 apud
548 1597 766 1664 Chaeroneam
800 1599 970 1664 victoriam
1003 1598 1052 1663 sui
1086 1598 1193 1682 operis
1230 1600 1338 1666 fuisse
1398 1612 1399 1617 ’

300 1690 434 1757 iactavit
456 1689 704 1773 ademptamque
727 1688 791 1753 sibi
809 1688 1014 1775 malignitate
1032 1692 1064 1772 et
1083 1687 1208 1753 invidia
1227 1687 1338 1773 patris
1395 1691 1399 1712 '

247 1795 282 1843 24
301 1782 410 1843 tantae
433 1780 479 1843 rei
503 1777 649 1863 gloriam.
696 1776 794 1843 Illum
818 1776 948 1862 quidem
972 1777 1129 1846 seditione
1153 1775 1246 1842 inter
1267 1777 1343 1844 112·-
1393 1805 1399 1856 ,r

300 1869 437 1933 cedones
455 1868 577 1933 milites
605 1872 638 1932 et
661 1864 801 1933 Graecos
824 1853 1158 1932 mercennarios'ort}
1179 1865 1336 1934 debilits·
1394 1863 1398 1870 ’

300 1961 371 2022 tum
408 1959 549 2036 vulnere,
586 1956 673 2040 quod
709 1956 744 2020 in
780 1978 818 2020 ea
854 1957 1114 2021 consternatione
1150 1959 1337 2044 acceperat,

301 2047 446 2131 iacuisse,
463 2068 530 2111 non
549 2048 666 2111 aliare
685 2067 782 2129 quam
802 2046 1007 2111 simulatione
1026 2045 1140 2110 mortis
1156 2044 1336 2114 tutiorem:

301 2159 336 2200 se
359 2157 477 2220 corpus
501 2136 570 2200 2122
593 2134 773 2220 protexisse
798 2135 902 2218 clipeo
926 2156 994 2218 suc,
1017 2137 1214 2217 ruentesque
1240 2134 1342 2202 12211--

247 2245 282 2294 22
300 2227 369 2291 lum
393 2248 451 2290 sua
474 2248 571 2289 manu
595 2225 726 2289 occisos.
764 2222 853 2299 Quae
876 2228 1001 2307 patrem
1024 2244 1203 2307 numquam
1224 2245 1344 2311 aequo.

301 2316 409 2379 animo
433 2336 502 2379 esse
525 2315 717 2396 confessum,
741 2314 877 2378 invitum
903 2313 971 2378 filio
996 2312 1165 2378 debentem
1189 2314 1337 2380 salutem

302 2427 401 2469 suam.
447 2402 556 2487 Atque
579 2407 655 2488 post
682 2402 935 2487 expeditionem,
959 2424 1056 2486 quam
1081 2402 1150 2466 sine
1173 2423 1212 2466 eo
1239 2403 1337 2469 fecis·

302 2498 351 2559 set
374 2495 443 2577 ipse
467 2494 501 2557 in
524 2492 667 2577 Illyrios,
695 2492 852 2557 victorem
878 2492 1044 2575 scripsisse
1068 2512 1101 2556 se
1124 2491 1211 2575 patri
1237 2493 1335 2559 fusos

301 2583 496 2668 fugatosque
528 2584 651 2648 hostes:
690 2603 750 2646 nec
782 2581 925 2645 adfuisse
956 2603 1094 2665 usquam
1126 2578 1350 2666 Philippum..

248 2695 282 2743 22
302 2673 410 2737 Laude
434 2672 550 2759 dignos
574 2692 656 2753 esse,
689 2691 755 2735 non
778 2671 835 2753 qui
859 2668 1105 2735 Samothracum
1128 2668 1225 2734 initia
1250 2672 1334 2737 2122

301 2766 382 2843 rent,
406 2784 480 2825 cum
494 2759 607 2825 Asiam
630 2761 680 2825 uri
704 2761 889 2843 vastarique
913 2764 1086 2844 oporteret,
1107 2758 1164 2823 sed
1185 2780 1255 2843 eos,
1275 2759 1334 2845 qui

248 2873 282 2920 22
301 2850 526 2937 magnitudine
555 2872 662 2915 rernm
686 2849 783 2913 fidem
807 2849 1062 2913 antecessissent.
1107 2846 1197 2912 Haec
1220 2852 1256 2914 et
1279 2848 1334 2914 his

302 2941 420 3005 similia
443 2940 520 3005 laeti
543 2940 673 3004 audiere
696 2940 842 3022 iuvenes,
868 2939 997 3025 ingrata
1020 2936 1203 3003 senioribus
1228 2943 1333 3023 erant,

375 3190 391 3260 1'
408 3204 547 3277 Philippi]
566 3204 698 3274 phylippi
712 3208 743 3258 v.
807 3210 822 3257 a
842 3202 879 3256 22
892 3202 996 3257 Laniee
1011 3204 1122 3271 seram:
1141 3200 1329 3257 12222222

302 3277 449 3347 operare]
468 3292 568 3346 parere
586 3282 613 3330 P.
670 3274 813 3346 sollemni]
833 3274 951 3329 solemni
969 3278 1192 3343 3221222211.
1251 3274 1330 3329 812-

302 3350 441 3420 modicus]
460 3349 616 3402 inmodicos
634 3354 662 3402 P.
737 3352 752 3400 9
773 3346 921 3470 gesserat]
930 3346 1047 3400 iesserat
1065 3351 1093 3399 P.
1169 3350 1202 3398 10
1221 3361 1329 3401 memo·

302 3422 371 3493 rari]
389 3420 546 3474 memoraui
564 3426 591 3473 P.
673 3425 704 3472 11
726 3418 865 3488 obterere]
885 3434 901 3471 c
923 3422 1027 3471 terrere
1045 3421 1102 3471 PV.
1186 3422 1219 3470 12
1239 3415 1329 3472 Chae·

302 3509 418 3547 roneam
431 3493 649 3547 Freinshemius:
671 3505 817 3544 ceroneam
837 3494 859 3540 Δ
879 3489 1037 3559 [cercneam
1050 3489 1093 3560 V]
1169 3492 1202 3540 17
1222 3487 1282 3544 alia
1299 3505 1329 3543 re

302 3566 461 3634 Zumptias:
491 3563 562 3617 alias
581 3569 611 3616 Δ.
711 3561 858 3631 tutiorem]
881 3561 1018 3615 tuciorcm
1036 3565 1067 3613 V.
1168 3564 1202 3612 18
1222 3558 1329 3632 clipeo]

303 3637 402 3706 clypeo
421 3642 449 3689 P.
524 3642 556 3688 21
578 3636 671 3702 Atque
689 3635 800 3701 scripsi:
819 3632 919 3700 itaque
937 3637 967 3685 Δ.
1041 3630 1264 3704 expeditionem]
1283 3648 1329 3686 ex·

302 3709 447 3779 pediticne
465 3713 493 3760 P.
583 3712 617 3758 22
636 3704 759 3777 illyrios]
778 3704 880 3757 illirics
900 3709 917 3755 0
1006 3708 1040 3756 23
1059 3702 1238 3774 Philippum]
1257 3702 1329 3773 phy-

303 3780 412 3850 lippum
430 3786 458 3833 1..
541 3784 575 3831 24
595 3777 708 3848 dignos]
728 3775 866 3847 dedignas
886 3781 911 3829 (t.
991 3774 1218 3846 Samothracum]
1237 3790 1329 3829 samo·

301 3852 452 3907 thrachum
467 3856 484 3902 11
503 3849 724 3922 [samotrachum
741 3847 784 3919 V]
860 3852 893 3901 26
913 3845 997 3900 fidem
1015 3864 1066 3902 orn.
1081 3851 1111 3900 V.
