3150 4459
455 444 707 499 HISTORIABUM
726 445 940 499 ALEXANDBI
959 446 1019 514 1111,
1039 455 1062 501 b.
1079 452 1102 500 6.
1244 447 1285 511 61

218 616 260 670 25
335 609 459 675 Dareus
482 610 650 694 desperata
676 630 768 693 pace,
797 632 893 693 quam
922 632 979 695 per
1001 612 1126 675 litteras
1150 610 1333 696 legatos-VI

263 720 330 783 que
361 700 517 783 inpetrari
551 721 646 783 posse
676 700 868 781 crediderat,
904 701 943 764 ad
975 700 1170 784 reparandae
1203 700 1287 765 vires

262 788 453 872 bellumque
477 789 604 874 inpigre
622 789 842 852 renovandum
862 788 1002 854 intendit
1024 790 1177 853 animum.
1223 789 1323 853 Der-2

264 899 319 941 ces
339 900 416 963 ergo
437 877 601 961 copiarum
620 876 836 962 Babyloniam
856 879 1036 963 convenire,
1054 877 1191 943 Bessum
1211 900 1288 962 quo-

234 989 339 1050 sque,
369 966 614 1032 Bactrianorum
645 972 841 1052 praetorem,
876 989 971 1051 quam
1005 969 1145 1032 maximo
1179 972 1290 1051 posset

264 1057 411 1121 exercitu
435 1060 555 1138 coacto,
584 1056 775 1120 descendere
804 1058 844 1121 ad
872 1078 906 1119 se
929 1056 1027 1121 iubet.
1075 1055 1157 1120 Sunt
1181 1062 1287 1121 autem
1308 1073 1323 1118 3

264 1145 430 1210 Bactriani
458 1146 544 1210 inter
573 1144 646 1210 illas
675 1150 787 1231 gentes
811 1146 1045 1230 promptissimi
1073 1146 1213 1210 horridis
1243 1146 1289 1209 in-

264 1235 371 1320 geniis
392 1234 593 1317 multumque
617 1257 637 1297 a
654 1234 825 1299 Persarum
845 1235 925 1299 luxu
947 1235 1209 1300 abhorrentibus:
1233 1236 1289 1299 siti

264 1324 353 1388 haud
376 1325 490 1408 procul
515 1322 710 1407 Scytharum
740 1324 986 1389 bellicosissima
1014 1329 1110 1411 gente
1140 1329 1172 1388 et
1195 1330 1288 1409 rapte

222 1415 374 1482 revivere
406 1414 539 1477 adsueta
571 1434 698 1498 semper
729 1415 763 1477 in
796 1413 894 1477 armis
928 1419 1027 1479 erant.
1075 1412 1138 1479 Sed
1169 1413 1325 1479 Bessust

266 1508 418 1586 suspecta
445 1502 581 1588 perfidia
607 1502 695 1567 haud
723 1525 799 1568 sane
827 1525 930 1587 aequo
954 1504 1061 1568 animo
1089 1504 1288 1569 insecundo

267 1614 303 1656 se
327 1591 496 1657 continens
519 1592 622 1677 gradu
646 1614 754 1677 regem
778 1592 932 1657 terrebat:
956 1615 1030 1658 nam
1055 1615 1128 1658 oum
1152 1614 1286 1678 regnum

267 1680 453 1765 adfectaret,
476 1681 628 1765 proditio,
651 1703 715 1765 quo
740 1681 809 1746 sola
833 1681 865 1746 id
885 1683 1017 1766 adsequi
1037 1686 1173 1767 poterat,
1197 1683 1289 1746 time·

268 1771 374 1835 batur.

224 1888 249 1927 rs
334 1857 483 1924 Ceterum
508 1857 699 1943 Alexander,
730 1882 828 1944 quam
851 1860 1016 1945 regionem
1041 1860 1165 1926 Dareus
1192 1861 1324 1943 petis-s

267 1953 327 2031 set,
350 1951 440 2014 omni
462 1970 539 2012 eura
561 1948 727 2033 vestigans
750 1954 859 2013 tamen
879 1949 1047 2033 explorare
1070 1972 1137 2014 non
1160 1953 1289 2033 poterat

266 2059 356 2103 more
379 2037 519 2120 quodam
545 2036 717 2102 Persarum
740 2061 858 2104 arcana
876 2061 987 2124 regum
1012 2041 1095 2103 mira
1114 2038 1289 2104 celantium

265 2128 342 2192 fide:
367 2148 431 2190 non
455 2131 571 2208 metus,
594 2150 660 2192 non
684 2149 757 2211 spes
776 2128 864 2192 elicit
883 2150 1005 2211 vocem,
1029 2151 1092 2213 qua
1110 2130 1289 2212 prodantur
1309 2145 1323 2191 6

266 2218 403 2281 occulta.
449 2214 552 2280 Vetus
576 2216 748 2300 diseiplina
769 2238 884 2303 regum
908 2217 1075 2282 silentium
1099 2218 1184 2282 vitae
1208 2217 1288 2301 peri-

224 2334 251 2373 ιο
266 2306 340 2371 culo
370 2310 533 2370 sanxerat:
563 2305 676 2393 lingua
703 2307 833 2392 gravius
863 2308 1041 2393 castigatur
1064 2329 1160 2391 quam
1185 2306 1287 2371 ullum

266 2393 430 2480 probrum,
458 2416 518 2459 nec
540 2417 691 2481 magnam
720 2419 786 2460 rem
810 2396 900 2483 Magi
924 2398 1078 2461 sustineri
1107 2417 1201 2480 posse
1226 2419 1290 2460 cre·

267 2486 351 2549 dunt
373 2484 415 2548 ab
440 2506 488 2566 eo,
512 2484 564 2549 cui
587 2489 695 2550 tacere
718 2507 815 2571 grave
839 2488 891 2569 sit,
915 2486 1003 2570 quod
1025 2485 1151 2551 homini
1175 2485 1289 2550 facilli·

219 2581 250 2635 !ss
266 2596 356 2639 mum
374 2572 513 2639 voluerit
532 2595 601 2638 esse
619 2578 742 2639 natura
789 2574 839 2639 Ob
858 2575 942 2639 hane
961 2596 1091 2641 causam
1106 2573 1289 2639 Alexander
1309 2591 1323 2638 τ

266 2663 422 2747 omnium,
445 2684 527 2748 quae
546 2664 632 2747 apud
650 2664 777 2728 hostem
797 2670 994 2750 gererentur,
1020 2664 1151 2751 ignarus
1175 2665 1288 2729 urbem

224 2780 251 2820 ra
267 2750 388 2818 Gaaam
426 2752 603 2818 obsidebat.
657 2751 810 2818 Praeerat
846 2753 920 2818 urbi
957 2754 1048 2820 Betis
1080 2753 1217 2818 eximiae
1254 2754 1287 2816 in

265 2863 377 2927 regem
401 2864 495 2906 suum
519 2841 592 2906 fidei
612 2843 804 2927 modicoque
826 2844 987 2928 praesidio
1011 2865 1123 2908 muros
1147 2843 1289 2928 ingentis

265 2931 375 3015 operis
389 2930 547 2995 tuebatur.
593 2930 776 2996 Alexander
795 2934 964 2998 aestimato
983 2933 1130 2997 locorum
1151 2931 1215 2997 situ
1236 2932 1288 3015 agi
1308 2946 1323 2992 8

266 3020 435 3086 cuniculos
462 3021 559 3085 iussit
580 3021 669 3085 facili
697 3044 735 3086 ac
762 3022 827 3087 levi
850 3022 949 3086 humo
973 3026 1160 3107 acceptante
1184 3020 1288 3085 occul-

266 3115 338 3175 tum
375 3132 470 3194 opus:
508 3111 627 3194 quippe
665 3110 801 3174 multam
835 3110 988 3175 harenam
1020 3112 1163 3176 ricinum
1201 3133 1289 3175 mare

340 3344 355 3392 2
376 3338 546 3411 crediderat]
565 3339 744 3394 crediderant
763 3345 788 3393 c.
898 3345 915 3393 4
934 3338 1133 3411 Babyloniam]
1160 3338 1289 3407 babyllo-

265 3410 344 3465 nium
363 3416 394 3477 v,
413 3409 600 3464 babilloniam
618 3417 646 3465 r.
721 3419 736 3464 5
756 3414 923 3480 praetorem,
943 3427 1029 3479 quarn
1051 3411 1219 3466 Groaoetusz
1239 3429 1290 3480 per

266 3486 448 3610 (lll'iaudleliriw
473 3482 694 3607 Sacilihllaildiirqlle]
714 3482 837 3607 munuli
856 3488 1048 3625 ii⁰ii1eni⁴⁵re
1085 3488 1099 3535 9
1120 3482 1289 3607 Shytlamm

267 3573 305 3680 ld
320 3595 479 3697 explorare]
503 3624 661 3694 exploraret
679 3598 704 3678 ΙΙ*
727 3644 761 3679 m.
779 3644 823 3694 pr.
892 3571 1288 3695 gcelantiumblndielaneiuinplli

228 3768 230 3773 Ι
265 3703 300 3752 20
319 3697 464 3768 sanxerat]
479 3698 591 3751 eaxerat
605 3701 625 3749 B
638 3715 673 3751 m.
686 3715 729 3765 pr.
786 3704 819 3751 21
835 3697 981 3779 probrum]
995 3695 1113 3766 probum
1128 3702 1155 3749 1..
1211 3696 1289 3765 Magi

266 3770 444 3841 Rutpereiaa:
459 3768 590 3838 magisA.
647 3767 1043 3892 Atfaeillimum]facillrnum
1053 3774 1081 3822 F.
1139 3768 1288 3838 26muros]

265 3858 362 3895 murus
381 3846 402 3893 Ι.
421 3858 454 3894 m.
465 3858 509 3909 pr.
585 3845 618 3893 28
638 3838 791 3910 occultum]
811 3856 863 3893 ocu
875 3842 936 3893 tum
956 3845 973 3892 0
993 3837 1118 3912 [oculum
1136 3842 1158 3891 B
1175 3856 1213 3893 ra.
1224 3839 1293 3907 pr]
