3150 4459
293 431 358 497 130
671 432 702 497 Q.
722 431 832 486 GURTI
850 431 937 486 RUFI

288 596 393 660 hostis
417 594 596 679 ridebatur,
619 594 823 661 subiecerant
841 595 982 679 aedibus,
1005 600 1042 660 ut
1066 618 1139 660 cum
1154 596 1221 659 suis
1245 595 1313 661 viri

253 688 517 751 acremarentur.
567 684 709 749 Tandem
738 706 815 748 suos
846 707 902 748 rex
936 685 1126 769 corporibus
1159 688 1191 749 et
1221 685 1312 750 cultu

289 774 482 839 feminarum
506 774 667 839 abstinere
690 774 793 838 iussit.
840 772 959 860 Ingens
988 775 1133 857 captivae
1156 775 1311 859 pecuniae

253 881 269 929 9
288 864 404 929 modu
426 863 575 947 traditur,
597 884 702 947 prope
723 867 762 927 ut
784 862 881 926 fidem
901 864 1040 928 excedat.
1084 862 1232 927 Ceterum
1256 867 1314 928 aut

288 953 328 1018 de
357 953 430 1017 aliis
459 974 589 1037 quoquo
619 951 840 1017 dubitabimus
876 957 932 1015 aut
960 953 1125 1017 credemus
1153 954 1188 1017 in
1214 953 1312 1017 huius
1341 976 1354 1017 s

288 1040 379 1107 urbis
410 1064 488 1128 gaza
514 1042 616 1106 fuisse
647 1045 723 1106 cet
745 1059 795 1104 xx
817 1041 910 1107 milio
936 1044 1103 1105 talentum.
1150 1040 1202 1105 Ad
1231 1063 1313 1125 quae

288 1131 433 1213 rehenda
455 1168 500 1177 -
522 1151 663 1214 namque
690 1130 731 1193 ad
760 1152 839 1194 usus
867 1131 944 1195 belli
967 1152 1076 1195 secum
1104 1135 1233 1215 portare
1261 1131 1313 1195 de-

291 1224 434 1286 creverat
455 1258 500 1267 -
514 1221 659 1285 iumenta
677 1224 710 1283 et
733 1222 872 1284 camelos
896 1224 928 1284 et
951 1242 970 1283 a
988 1218 1084 1290 ,Susis
1109 1224 1142 1285 et
1165 1242 1183 1282 a
1206 1220 1313 1305 Baby·

237 1326 270 1376 10
288 1311 363 1374 lone
387 1309 534 1375 contrahi
557 1309 661 1373 iussit.
689 1308 862 1373 Accessere
885 1309 926 1373 ad
948 1309 1032 1374 hanc
1049 1309 1204 1394 pecuniae
1228 1331 1312 1373 sum-

288 1420 375 1463 mam
411 1399 514 1484 captis
546 1394 737 1485 Parsagadis
770 1420 827 1463 sex
863 1398 954 1462 milia
986 1400 1152 1463 talentum.
1208 1396 1312 1482 Cyrus
1327 1424 1356 1463 ro

289 1487 471 1573 Parsagada
499 1487 613 1551 urbem
643 1487 844 1571 condiderat,
877 1509 973 1570 quarn
1005 1486 1190 1552 Alexandro
1223 1509 1312 1570 prae-

287 1577 396 1641 fectus
416 1578 485 1641 eius
510 1574 652 1641 Gobares
675 1576 818 1640 tradidit.

236 1684 267 1732 11
354 1664 426 1731 Rex
454 1687 561 1730 arcem
585 1665 767 1749 Persepolis
801 1665 905 1730 tribus
932 1666 1064 1731 milibus
1097 1666 1311 1731 Macedonum
1328 1670 1368 1727 21

288 1755 449 1840 praesidio
486 1754 607 1819 relictis
642 1754 860 1819 Nicarchiden
896 1756 979 1819 tueri
1017 1756 1116 1819 iubet.
1175 1755 1312 1820 Tiridati

289 1865 426 1928 quoque,
451 1844 506 1928 qui
521 1866 632 1930 gazam
646 1844 833 1927 tradiderat,
856 1848 1001 1908 servatus
1017 1848 1064 1908 est
1079 1845 1192 1928 honos,
1217 1867 1312 1928 quern
1328 1870 1355 1910 1s

288 1934 375 2017 apud
388 1932 529 1997 Dareum
553 1931 719 1998 habuerat.
755 1932 939 2019 Magnaque
963 1933 1140 1999 excercitus
1163 1938 1255 2017 parte
1279 1936 1312 1998 et

288 2022 516 2109 inpedimentis
539 2022 587 2087 ibi
601 2023 723 2087 relictis
736 2021 952 2087 Parmeniona
971 2021 1203 2106 Craterumque
1221 2044 1313 2107 prae-

237 2111 375 2177 refecit.
421 2110 495 2195 Ipse
522 2132 595 2176 cum
618 2112 707 2176 mille
734 2112 899 2194 equitibus
929 2112 1139 2196 peditumque
1162 2113 1313 2197 expedita

251 2218 262 2251 0
287 2223 385 2264 manu
413 2200 599 2265 interiorem
621 2200 765 2266 Persidis
788 2201 954 2287 regionem
978 2202 1038 2265 sub
1066 2202 1175 2288 ipsum
1198 2201 1312 2286 Vergi-

287 2291 404 2355 liarum
432 2289 520 2353 sidus
548 2290 646 2374 petiit
676 2289 853 2373 multisque
885 2290 1045 2354 imbribus
1073 2294 1105 2354 et
1134 2310 1236 2375 prope
1264 2290 1312 2354 in·
1328 2317 1355 2357 ao

288 2378 451 2443 tolerabili
485 2383 677 2465 tempestate
713 2383 848 2444 vexatus
885 2379 1058 2463 procedere
1090 2383 1212 2463 tamen,
1246 2401 1312 2462 quo

235 2486 268 2533 13
287 2469 477 2552 intenderat,
499 2470 724 2554 perseveravit.
754 2466 905 2542 ⁸Ventum
929 2472 998 2532 erat
1016 2469 1056 2532 ad
1070 2470 1132 2534 iter
1145 2470 1313 2555 perpetuis

288 2558 429 2623 obsitum
462 2556 605 2641 nivibus,
641 2580 721 2642 quas
747 2558 881 2643 frigoris
908 2558 958 2621 vis
986 2559 1060 2643 gelu
1089 2558 1313 2641 adstrinxerat,

287 2650 496 2731 locorumque
532 2650 664 2729 squalor
699 2650 731 2711 et
767 2647 959 2712 solitudines
995 2648 1102 2711 inviae
1138 2648 1312 2733 fatigatum

288 2736 425 2801 militem
453 2736 617 2801 terrebant
649 2734 863 2800 humanarum
890 2759 997 2801 rerum
1029 2736 1185 2802 terminos
1209 2759 1242 2801 ae
1265 2736 1312 2799 vi-
1328 2767 1355 2807 ,ὅ

289 2826 362 2891 dere
400 2825 589 2890 credentem.
645 2824 762 2890 Omnia
794 2829 886 2890 vasta
917 2831 1013 2909 utque
1051 2826 1121 2890 sine
1153 2827 1220 2890 ullo
1253 2825 1314 2890 hu·

289 2999 503 3006 ———-—

361 3114 374 3162 1
396 3108 586 3180 subiecerant]
606 3108 765 3163 subiecerat
783 3113 814 3163 v.
907 3113 922 3161 2
942 3124 1006 3162 suos
1025 3109 1186 3163 Acidaliae:
1206 3108 1264 3162 suis
1279 3112 1310 3161 A.

288 3186 305 3233 4
324 3182 375 3233 aut
393 3179 440 3251 de]
460 3180 532 3233 aude
551 3184 580 3234 P.
671 3186 687 3233 ὁ
707 3178 900 3234 dubitabimus
920 3181 971 3233 aut
989 3180 1134 3234 credemus
1148 3180 1311 3235 Acidaliae:

289 3250 482 3305 dubitauimus
501 3253 551 3304 aut
565 3251 705 3304 credimus
719 3256 750 3305 A.
825 3256 840 3303 6
861 3269 876 3304 o
895 3253 924 3304 et
937 3270 974 3304 xx
992 3253 1073 3305 mitio
1090 3251 1229 3305 talentum
1243 3252 1311 3306 Aci·
1362 3262 1367 3271 '

288 3323 393 3376 datiae:
412 3327 431 3375 ὃ
445 3324 474 3376 et
486 3340 524 3375 xx
537 3321 646 3376 talenta
660 3327 690 3376 A.
752 3322 798 3375 Ad
817 3322 902 3393 quae]
917 3325 1004 3390 atque
1017 3328 1037 3375 B
1052 3341 1087 3377 m.
1097 3340 1144 3392 pr.
1158 3328 1205 3375 FP
1218 3340 1252 3375 m.
1263 3340 1310 3392 pr.

290 3397 323 3445 10
342 3393 522 3465 Parsagadis]
536 3394 702 3464 persagadis
717 3400 742 3448 c.
817 3399 849 3447 11
869 3394 1032 3464 Parsagada
1046 3396 1156 3463 scripsi:
1176 3410 1311 3464 parsaga·

289 3465 354 3517 dam
368 3468 391 3515 A
406 3464 605 3535 [persagadam
618 3465 661 3535 V]
746 3471 779 3518 12
802 3464 926 3519 Gobares
944 3466 1113 3521 Frobcaa'ua:
1133 3464 1259 3535 globaris
1278 3470 1310 3519 A.

290 3541 323 3589 14
341 3534 531 3589 Nicarchiden
545 3538 704 3606 Zaoqrtiaa:
718 3536 898 3590 nicarthiden
912 3543 941 3604 P,
955 3536 1133 3590 nichartiden
1148 3544 1173 3590 c.
1237 3535 1312 3589 Tiri-

288 3607 350 3661 dati
368 3612 400 3660 L:
424 3607 544 3675 tyridati
561 3613 668 3661 BPPV.
751 3614 784 3661 15
803 3608 905 3680 honos]
928 3607 1018 3661 honus
1036 3614 1057 3661 P
1073 3626 1107 3663 m.
1118 3627 1173 3678 pr.¹
1193 3623 1262 3663 onos
1280 3613 1310 3662 L.

258 3732 261 3737 ,
290 3684 322 3731 16
342 3677 465 3732 Dareum
483 3684 508 3732 1:
529 3678 638 3732 darium
652 3683 682 3732 A.
777 3685 809 3733 17
829 3679 1014 3733 Parmeniona
1033 3685 1058 3732 1:
1078 3677 1260 3749 parmenione
1278 3683 1311 3733 A.

289 3748 499 3820 Craterumque]
520 3752 715 3818 cratarumqua
733 3755 761 3803 P.
828 3755 861 3802 19
883 3750 1084 3823 Vergiliarum]
1107 3750 1272 3821 uigiliarum
1290 3756 1313 3803 P

283 3839 316 3872 m,
324 3839 375 3887 pr.
452 3826 486 3875 26
506 3825 586 3875 vasta
603 3829 689 3889 atque
708 3822 816 3876 Later:
835 3825 919 3877 uasta
937 3838 1010 3892 quae
1028 3828 1058 3875 A.
