3150 4459
318 456 360 520 86
697 453 728 518 Q.
749 452 857 506 GURTI
877 451 962 505 RUFI

264 638 298 685 22
318 619 382 704 cipi
406 618 565 684 exercitus
593 617 657 681 nisi
681 618 785 682 victor
814 618 882 682 sine
906 617 995 681 clade
1023 639 1088 681 non
1111 620 1231 701 posset.
1278 615 1342 682 Ita-

320 731 381 792 que
424 707 625 772 dissimulato
668 707 775 771 animo
816 708 1073 771 mercennarium
1114 705 1258 790 equitem
1302 728 1342 770 ex
1386 707 1389 714 '

267 816 301 863 22
319 797 461 862 Paeonia
479 796 668 880 praecedere
687 796 786 861 iubet.
827 794 903 880 Ipse
917 796 1121 881 phalangem,
1140 796 1226 862 sicut
1245 799 1341 860 antea

321 888 520 969 dictumest,
544 887 575 950 in
597 886 659 950 duo
680 908 801 951 cornua
820 885 1019 949 extenderat:
1043 888 1218 968 utrumque
1238 906 1340 951 cornu

319 976 443 1061 equites
466 976 627 1062 tegebant.
673 974 807 1058 lamque
829 974 985 1058 liquidior
1014 975 1071 1038 lux
1094 974 1240 1040 discussa
1263 974 1339 1041 eali·
1365 1001 1375 1042 s

319 1067 394 1153 gine
430 1065 531 1131 aciem
567 1065 711 1130 hostium
749 1064 941 1148 ostenderat,
978 1068 1010 1130 et
1041 1063 1234 1130 Macedones
1271 1065 1339 1130 sive

320 1155 487 1221 alacritate
515 1155 582 1218 sive
609 1154 716 1218 taedio
745 1154 979 1238 expectationis
1006 1154 1171 1240 ingentem
1192 1175 1341 1240 pugnan-

318 1245 400 1310 tium
429 1266 518 1310 more
548 1243 675 1307 edidere
704 1245 887 1309 clamorem.
938 1242 1095 1307 Redditus
1124 1246 1157 1307 et
1184 1266 1203 1308 a
1231 1242 1340 1309 Persis

318 1356 452 1398 nemora
470 1333 634 1417 vallesque
653 1334 874 1398 circumiectas
893 1332 1032 1397 terribili
1051 1354 1131 1398 sono
1150 1331 1341 1417 inpleverat,

266 1440 300 1489 24
318 1445 378 1487 nec
414 1423 478 1487 iam
512 1423 671 1487 contineri
702 1422 894 1488 Macedones
926 1426 1090 1506 poterant,
1127 1423 1206 1506 quin
1244 1444 1340 1488 eursu
1355 1450 1377 1489 n

321 1535 449 1598 quoque
479 1512 519 1575 ad
547 1512 674 1577 hostem
703 1512 942 1577 contenderent.
993 1511 1062 1577 Rea
1090 1512 1205 1577 melius
1235 1512 1342 1577 adhuc

319 1606 408 1667 ratus
441 1602 476 1666 in
508 1602 620 1665 eodem
653 1601 779 1666 tumulo
813 1605 917 1666 castra
950 1602 1089 1685 munire,
1121 1600 1245 1666 vallum
1279 1602 1340 1667 iaci

320 1691 414 1757 iussit
438 1694 631 1773 strenueque
659 1713 754 1774 opere
781 1691 926 1775 perfecto
955 1690 987 1755 in
1011 1690 1270 1775 tabernaculum,
1302 1714 1340 1755 ex

321 1803 385 1865 quo
410 1784 480 1855 tota
504 1781 586 1844 acies
609 1780 750 1845 hostium
778 1780 1046 1865 conspiciebatur,
1070 1781 1208 1845 secessit

243 1876 307 1930 Xlll
389 1869 472 1933 Tum
511 1892 586 1934 vero
619 1870 769 1935 universa
806 1869 909 1934 futuri
942 1869 1137 1935 discriminis
1170 1870 1269 1935 facies
1308 1871 1341 1934 in
1355 1874 1386 1930 47

321 1959 422 2024 oculis
446 1963 527 2025 erat:
551 1960 648 2024 armis
667 1959 850 2045 insignibus
875 1960 950 2043 equi
973 1960 1098 2044 virique
1118 1959 1340 2044 splendebant,
1354 1986 1376 2026 a

320 2054 353 2114 et
390 2049 498 2115 omnia
535 2049 707 2113 intentiore
751 2071 827 2114 eura
864 2050 1049 2133 praeparari
1088 2049 1174 2133 apud
1211 2049 1341 2114 hostem

321 2138 506 2205 sollicitudo
545 2143 730 2222 praetorum
772 2140 902 2225 agmina
944 2161 1001 2203 sua
1037 2137 1340 2222 interequitantium

284 2228 520 2311 ‘rostendebat
551 2251 588 2294 ac
616 2229 770 2312 pleraque
799 2228 917 2310 inania,
947 2231 1030 2294 sicut
1057 2228 1207 2293 fremitus
1237 2228 1342 2293 horni-

320 2340 408 2400 num,
427 2339 583 2401 equorum
599 2316 754 2399 hinnitus,
769 2339 933 2382 armorum
949 2317 1207 2382 internitentium
1223 2318 1341 2404 fulgor,
1354 2344 1376 2384 a

284 2407 494 2471 asellicitam
531 2407 754 2491 expectatione
792 2410 932 2471 mentem
970 2407 1185 2471 turbaverant,
1237 2407 1342 2492 Igitur

320 2497 387 2559 sive
412 2496 529 2559 dubius
553 2496 653 2561 animi
676 2497 752 2580 sive,
776 2500 813 2560 ut
837 2517 913 2560 suos
938 2497 1145 2581 experiretur,
1167 2497 1340 2563 consilium

284 2604 300 2649 4
320 2586 461 2667 adhibet,
476 2586 554 2668 quid
565 2585 726 2669 optimum
736 2586 826 2650 factu
837 2590 929 2670 esset,
944 2586 1122 2669 exquirens.
1158 2584 1341 2669 Parmenio,

319 2676 535 2759 peritissimus
553 2676 639 2739 inter
658 2676 754 2740 duces
773 2676 892 2740 artium
911 2675 998 2757 belli,
1016 2675 1113 2758 furto,
1132 2697 1200 2740 non
1218 2676 1340 2761 proelio

320 2787 402 2849 opus
431 2785 501 2828 esse
529 2765 688 2829 censebat.
735 2765 935 2848 Intempesta
962 2769 1056 2830 nocte
1080 2765 1222 2849 opprimi
1246 2787 1373 2850 possea

319 2853 443 2919 hostes:
473 2854 629 2918 discordis
653 2855 812 2937 moribus,
840 2854 975 2941 linguis,
1005 2856 1046 2918 ad
1073 2855 1137 2919 hoc
1164 2875 1279 2921 somno
1311 2858 1342 2920 et

392 3072 407 3119 2
428 3066 521 3119 animo
539 3066 660 3135 Icepa'as:
681 3082 713 3119 eo
732 3071 762 3119 Α.
824 3070 839 3118 3
859 3065 982 3120 Paeonia
1000 3066 1174 3121 Francicus:
1193 3067 1298 3135 poenis
1312 3072 1341 3120 Α.

321 3144 336 3189 6
355 3138 483 3209 lamque]
497 3137 627 3204 Namque
641 3144 669 3191 P.
723 3137 860 3206 liquidior
872 3138 983 3206 22222211
998 3136 1117 3191 nitidior
1129 3142 1160 3191 Δ.
1217 3144 1233 3191 6
1249 3142 1342 3194 osten-

320 3210 413 3280 derat]
428 3210 640 3263 hostenderatL
654 3228 689 3263 22.
699 3227 745 3277 pr.
805 3214 819 3260 7
840 3207 946 3279 taedio]
962 3209 1041 3262 cedio
1051 3215 1071 3261 P
1081 3227 1114 3263 m.
1121 3226 1166 3279 pr.
1223 3214 1240 3263 8
1254 3210 1342 3282 more]

320 3296 433 3334 morere
446 3286 473 3334 Ρ.
561 3278 883 3335 9terribiliterribi1’.
965 3280 1134 3353 inpleverat]
1153 3280 1343 3350 impleuerant

320 3358 388 3405 Pm.
400 3369 445 3420 pr.
520 3357 554 3404 10
572 3354 705 3421 poterant
731 3353 845 3419 poterat
858 3356 879 3403 Β
892 3369 927 3405 m.
938 3370 983 3420 pr.
999 3358 1066 3405 Pm.
1077 3370 1124 3421 pr.
1192 3353 1275 3425 quin]
1294 3353 1343 3423 qui

320 3424 349 3477 in
365 3428 423 3475 Π.
480 3429 512 3475 11
533 3424 578 3493 ad]
596 3424 632 3477 ab
642 3429 672 3476 V.
728 3424 800 3477 Rea
814 3424 920 3477 addidi.
979 3428 1011 3476 14
1027 3423 1142 3477 secessit
1171 3425 1342 3479 2222222110.

322 3501 354 3548 17
374 3494 538 3566 intentiore]
563 3494 720 3549 intentione
743 3500 774 3547 V.
875 3500 907 3547 19
931 3495 1101 3549 ostendebat
1166 3497 1343 3552 cimbemias:

321 3565 523 3620 ostendebatur
541 3570 571 3618 Δ.
637 3571 671 3620 20
689 3566 818 3619 hinnitus
837 3572 863 3618 1:
883 3566 1018 3635 hynnitus
1038 3572 1068 3620 Α.
1136 3572 1169 3619 21
1190 3566 1344 3622 sollicitam

322 3638 442 3692 Giaata:
463 3636 585 3691 sollicita
600 3642 629 3690 Δ.
713 3637 828 3708 dubius]
849 3637 986 3692 debubius
1001 3644 1029 3691 r.
1112 3644 1146 3690 23
1165 3638 1248 3711 quid]
1267 3639 1344 3708 quod

321 3715 389 3762 rm.
400 3726 455 3777 pr„
476 3708 538 3777 quit
556 3715 583 3762 P.
666 3709 817 3780 optimum]
837 3708 975 3763 obtimum
994 3715 1099 3763 ΠΝ.
1182 3710 1332 3765 Parmenio

320 3780 484 3850 parmoenio
504 3786 557 3834 112.
614 3786 648 3833 24
666 3780 867 3851 peritissimus]
887 3781 1075 3849 paritissimus
1094 3788 1123 3834 F.
1180 3787 1213 3835 26
1233 3712 1344 3855 somnoi

318 3869 428 3906 summo
447 3858 475 3905 L.
