3150 4459
475 466 727 520 HISTORIARUM
746 465 960 519 ALEXANDRI
978 465 1025 531 vl,
1045 472 1070 520 4.
1086 473 1110 519 ὁ.
1239 466 1303 530 165

282 635 408 714 gerant,
442 630 571 695 dedens:
605 630 723 713 quibus
755 629 893 714 benigne
918 630 1061 714 exceptis
1085 630 1124 693 ad
1149 630 1303 715 oppidum

282 718 385 783 Arvas
409 721 564 803 pervenit.
602 718 665 782 Hic
684 720 713 782 ei
729 718 881 783 Craterus
900 723 933 783 et
946 718 1102 804 Erigyius
1121 725 1304 785 occurrunt.

281 807 483 872 Praefectum
497 808 700 892 Tapurorum
724 809 840 893 gentis,
863 806 1067 894 Phradatem,
1089 808 1304 873 adduxerant:
1323 824 1358 873 24

282 898 335 961 hic
359 919 487 981 quoque
510 898 544 960 in
567 897 663 961 fidem
687 902 836 981 receptus
859 897 971 962 multis
996 896 1144 981 exemplo
1167 898 1231 962 fuit
1253 919 1304 962 ex-

256 985 427 1070 speriendi
452 987 655 1052 clementiam
678 987 773 1070 regis.
814 985 973 1070 Satrapen
996 986 1108 1050 deinde
1122 986 1305 1071 Hyrcaniae
1323 1001 1358 1050 25

283 1075 370 1139 dedit
393 1076 634 1159 Aciminaspin:
659 1075 735 1139 exul
756 1075 812 1140 hic
833 1079 989 1161 regnante
1009 1074 1098 1141 Ocho
1123 1077 1162 1140 ad
1182 1076 1305 1161 Philip-

283 1187 360 1247 pum
387 1169 584 1248 pervenerat.
626 1164 828 1249 Tapurorum
853 1187 981 1249 quoque
1005 1169 1134 1250 gentem
1149 1165 1305 1229 Phradati

282 1254 429 1318 reddidit.

228 1345 267 1400 14
348 1342 482 1425 Iamque
505 1343 620 1407 ultima
644 1343 825 1427 Hyrcaniae
854 1344 1043 1427 intraverat,
1074 1365 1147 1409 cum
1172 1343 1344 1407 Artaba-V

242 1456 268 1495 ro
282 1456 348 1515 aus,
372 1454 467 1515 quem
486 1432 592 1496 Dareo
611 1432 803 1497 fidissimum
822 1433 922 1497 fuisse
941 1454 1038 1517 supra
1057 1432 1207 1516 diximus,
1230 1454 1304 1497 cum

282 1522 474 1606 propinquis
492 1520 589 1585 Darei
613 1544 650 1585 ac
674 1523 740 1586 suis
762 1521 876 1586 liberis
899 1521 1089 1606 modicaque
1108 1520 1304 1586 Graecorum

281 1611 422 1674 militum
447 1633 545 1675 manu
568 1611 717 1676 occurrit.
754 1611 911 1675 Dextram
935 1611 1077 1676 venienti
1096 1611 1217 1675 obtulit
1234 1619 1339 1676 rexta

284 1700 403 1784 quippe
432 1705 465 1763 ct
489 1699 608 1783 hospes
630 1698 776 1783 Philippi
800 1700 915 1785 fuerat,
939 1722 1012 1765 cum
1036 1698 1125 1765 Ocho
1149 1705 1303 1786 regnante

282 1789 440 1870 exularet,
472 1793 504 1853 et
533 1788 669 1873 hospitii
696 1791 836 1875 pignora
859 1791 894 1853 in
917 1811 1026 1876 regem
1050 1811 1144 1855 suum
1168 1789 1208 1853 ad
1231 1787 1305 1854 ulti-

242 1900 268 1939 1s
282 1900 371 1941 mum
394 1878 473 1942 fides
498 1883 685 1942 conservata
708 1878 866 1942 vincebat.
906 1877 1047 1943 Comiter
1070 1880 1171 1964 igitur
1194 1900 1305 1962 excep
1324 1895 1340 1943 3

283 1971 348 2031 tue:
374 1966 434 2030 ‘Tu
458 1967 610 2050 quidem’,
637 1968 758 2051 inquit,
787 1968 869 2052 hex,
893 1969 970 2033 deos
994 1989 1126 2051 quaeso,
1149 1972 1304 2051 perpetua
1340 2018 1341 2023 1

282 2056 437 2121 felicitate
459 2056 588 2120 floreas:
618 2078 678 2142 ego
703 2057 817 2122 ceteris
839 2058 944 2121 laetus
967 2058 1030 2121 hoc
1053 2079 1117 2122 uno
1142 2061 1305 2140 torqueor,

283 2146 369 2228 quod
387 2146 556 2229 praecipiti
576 2149 739 2210 senectute
758 2147 814 2210 diu
832 2146 897 2211 frui
916 2150 973 2210 tua
992 2146 1138 2210 bonitate
1151 2168 1217 2210 non
1231 2168 1304 2230 pos·

283 2236 375 2298 sum?
415 2234 671 2319 Nonagesimum
695 2238 727 2299 et
752 2236 902 2319 quintum
926 2258 1045 2299 annum
1070 2235 1194 2322 agebat.
1237 2234 1339 2300 Nos

242 2347 268 2386 ao
282 2346 353 2387 vem
374 2326 514 2406 iuvenes,
538 2346 650 2389 omnes
669 2324 779 2389 eadem
804 2328 906 2390 matre
930 2324 1040 2411 geniti,
1062 2329 1188 2408 patrem
1207 2324 1304 2390 comi-

283 2412 449 2477 tabantur:
476 2413 538 2478 hos
561 2413 741 2478 Artabazus
770 2413 919 2479 dexterae
946 2415 1032 2498 regis
1062 2413 1206 2478 admovit
1234 2436 1304 2497 pre-

283 2506 387 2584 catus,
420 2508 457 2567 ut
489 2506 556 2565 tam
589 2503 644 2566 diu
677 2504 835 2583 viverent,
869 2504 970 2567 donec
999 2502 1096 2567 utiles
1119 2501 1303 2568 Alexandro

282 2598 397 2655 essent.
435 2592 506 2655 Rex
528 2591 666 2675 pedibus
689 2593 751 2656 iter
771 2594 962 2676 plerumque
980 2592 1131 2656 faciebat:
1155 2597 1233 2656 tunc
1252 2591 1339 2656 ada

283 2681 405 2744 moveri
438 2681 500 2744 sibi
528 2686 561 2745 et
583 2680 745 2746 Artabazo
776 2703 878 2765 equos
901 2681 1008 2765 iussit,
1041 2703 1081 2745 ne
1104 2680 1176 2765 ipso
1200 2680 1304 2767 ingre·

242 2770 389 2834 audiente
413 2770 549 2852 pedibus
573 2792 670 2835 senex
692 2793 775 2855 equo
800 2771 874 2834 vehi
898 2770 1106 2835 erubesceret.
1327 2820 1329 2823 v

230 2863 267 2917 15
349 2858 395 2925 Ut
419 2860 532 2923 deinde
556 2864 662 2924 castra
685 2864 762 2924 sunt
784 2860 901 2943 posita,
930 2857 1077 2942 Graecos,
1106 2880 1187 2942 quos
1210 2857 1339 2923 Arta-s

282 2948 381 3011 bazus
414 2948 603 3031 adduxerat,
637 2948 806 3014 convocari
836 2949 939 3012 iubet:
971 2953 1005 3012 at
1033 2949 1096 3030 ilii,
1128 2948 1191 3012 nisi
1220 2948 1304 3012 'fides

355 3148 370 3193 2
389 3141 455 3212 Hic]
474 3142 539 3195 hiso
552 3147 580 3195 P.
636 3142 770 3212 Erigyius
783 3144 953 3197 Frobcaias:
974 3142 1087 3210 eriguus
1101 3146 1131 3194 A.
1188 3146 1204 3193 3
1223 3158 1305 3210 prae-

283 3212 389 3265 fectum
407 3218 433 3266 1:
453 3213 597 3281 praefecto
616 3219 646 3266 A.
738 3213 913 3283 Tapurorum
932 3214 1036 3267 Aldus:
1055 3216 1201 3267 taurorum
1219 3218 1249 3266 A.

282 3284 464 3355 Phradatem]
490 3284 678 3353 pharadatem
696 3291 802 3338 PLPV.
907 3283 1140 3352 6Amminaspin
1164 3284 1303 3339 Fabrias:

282 3356 417 3423 mauapin
440 3361 461 3407 P
482 3374 515 3409 m.
534 3374 579 3424 pr.
600 3356 715 3425 manapi
735 3362 759 3409 0.
849 3363 863 3409 7
884 3355 1060 3425 Tapurorum
1080 3356 1183 3410 Alam:
1210 3357 1303 3409 tauro-
1395 3410 1397 3413 ,

282 3445 344 3479 rum
359 3432 389 3479 A.
445 3427 569 3498 quoque]
588 3444 644 3496 quo
658 3432 678 3479 B
693 3446 728 3481 m.
738 3445 784 3497 pr.
842 3428 969 3497 gentem]
989 3427 1110 3497 centem]
1124 3431 1145 3477 P
1159 3444 1192 3481 m.
1203 3445 1248 3496 pr.

282 3498 430 3569 Phradati]
445 3498 597 3567 pharadati
611 3504 697 3565 ΜΡ,
716 3499 887 3568 pharadatin
901 3504 932 3551 V.
989 3505 1003 3551 9
1024 3497 1137 3569 ultima]
1154 3513 1189 3552 ex
1202 3498 1305 3551 ultima

282 3575 302 3620 Β
317 3589 351 3623 m.
362 3588 417 3639 pr,
436 3587 484 3625 rex
503 3570 605 3624 ultima
623 3576 692 3623 Bm.
712 3588 761 3625 sec.
781 3577 801 3622 P
816 3587 850 3623 m.
865 3587 913 3625 aec.
989 3574 1021 3623 13
1039 3569 1156 3640 hospes]
1175 3586 1257 3639 ospes
1275 3576 1303 3624 L.

285 3647 317 3694 14
337 3640 475 3711 exularet]
495 3642 634 3696 exultaret
652 3648 679 3695 P.
753 3641 883 3712 hospitii]
903 3640 1000 3709 capitii
1018 3647 1038 3693 Ι.
1054 3658 1089 3695 m.
1104 3658 1150 3709 pr.
1169 3647 1237 3695 Pm.
1248 3659 1304 3711 pr„

282 3712 404 3780 hospicii
423 3718 478 3767 PV.
586 3720 618 3767 15
640 3712 763 3767 Comiter
781 3713 881 3783 igitur]
908 3712 1010 3766 comite
1035 3712 1144 3782 regitur
1164 3718 1184 3764 P
1204 3731 1239 3767 m.
1257 3730 1302 3781 pr.

283 3790 316 3836 23
336 3783 483 3908 faciebat]
491 3783 612 3839 fatiebat
630 3791 657 3838 L.
719 3792 753 3839 24
772 3784 871 3855 equos]
891 3800 963 3851 equo
981 3789 1050 3837 Pm.
1062 3801 1105 3852 pr.
1167 3789 1201 3836 26
1220 3784 1304 3839 Arta-

283 3855 382 3926 bazus]
402 3858 464 3909 arta
485 3860 549 3909 atus
567 3862 595 3910 Ι..
670 3863 701 3909 27
722 3856 891 3927 adduxerat]
911 3854 1077 3909 addeixerat
1095 3860 1123 3909 P.
