3150 4459
480 466 732 520 HISTORIARUM
751 468 966 521 ALEXANDRI
984 466 1030 535 VI,
1051 474 1074 521 9.
1093 474 1133 521 10.
1253 467 1314 531 187

296 630 428 693 modum
452 631 622 694 verborum
646 632 763 695 misero
787 626 896 696 tenere
921 630 1060 695 difficile.
1097 630 1211 714 Itaque
1232 632 1316 695 inter
1336 646 1348 692 2

296 719 452 802 optimam
476 720 704 784 conscientiam
728 724 760 784 et
782 719 1019 803 iniquissimam
1037 721 1201 784 fortunam
1221 720 1316 785 desti-

296 812 385 872 tutus
415 810 543 891 ignoro,
576 809 738 891 quomodo
762 814 795 873 et
818 810 925 872 animo
949 830 1020 873 meo
1045 813 1077 873 et
1101 809 1239 892 tempori
1262 832 1315 893 pa-

295 920 391 960 ream.
434 897 535 961 Abest
560 897 690 980 quidem
715 898 857 981 optimus
881 920 994 962 causae
1015 920 1106 962 meae
1125 898 1234 962 iudex:
1259 899 1315 980 qui
1335 914 1348 960 3

269 1008 352 1050 scur
374 1009 425 1049 me
449 987 518 1070 ipse
542 987 651 1051 audire
673 987 822 1071 noluerit,
844 1009 920 1070 non,
943 986 1133 1070 mehercule,
1149 987 1315 1071 ,excogita

297 1095 369 1138 cum
397 1075 445 1139 illi
473 1076 637 1159 utrimque
668 1080 798 1161 cognita
822 1098 918 1140 causa
940 1080 1007 1140 tam
1031 1077 1181 1140 damnare
1204 1097 1255 1140 me
1278 1076 1316 1139 li-

295 1169 365 1227 ceat
388 1187 485 1247 quam
509 1165 684 1248 absolvere,
707 1189 773 1230 non
797 1161 927 1252 cognita
946 1187 1021 1229 vero
1040 1165 1171 1230 liberari
1190 1165 1316 1229 absenti

295 1275 360 1317 non
379 1276 520 1337 possum,
542 1256 598 1337 qui
613 1277 631 1317 a
645 1260 812 1338 praesente
827 1255 994 1320 damnatus
1010 1277 1089 1319 sum.
1128 1253 1191 1318 Sed
1206 1276 1316 1337 quam-
1334 1270 1348 1317 l

296 1342 392 1424 quam
416 1343 516 1406 vincti
539 1344 680 1407 hominis
704 1366 770 1408 non
789 1365 985 1427 supervacua
1004 1343 1119 1426 solum,
1143 1342 1315 1407 sedetiam

254 1457 281 1496 ro
295 1432 399 1495 invisa
418 1432 560 1497 defensio
580 1437 638 1515 est,
656 1433 712 1517 qui
731 1434 870 1520 iudicem
888 1455 955 1497 non
973 1432 1085 1497 docere
1104 1432 1238 1511 videtur,
1261 1432 1316 1496 sed

295 1542 438 1605 arguere,
461 1525 579 1604 tamen,
602 1529 777 1606 utcumque
801 1523 877 1586 licet
900 1544 951 1587 me
973 1523 1086 1605 dicere,
1109 1525 1228 1585 memet
1246 1522 1316 1604 ipse

294 1631 361 1673 non
384 1606 526 1674 deseram
550 1633 609 1676 nec
632 1612 843 1693 committam,
872 1615 909 1675 ut
932 1612 1100 1675 damnatus
1124 1612 1221 1674 etiam
1244 1632 1316 1674 mea

296 1701 456 1763 sententia
482 1700 599 1764 videar.
651 1701 825 1784 Equidem,
858 1703 948 1766 cuius
977 1700 1120 1764 criminis
1147 1722 1220 1763 reus
1245 1700 1348 1781 sim,5

293 1811 359 1851 non
383 1789 489 1853 video:
513 1791 598 1853 inter
621 1790 805 1854 coniuratos
828 1811 922 1854 nemo
946 1811 996 1853 me
1019 1790 1174 1872 nominat,
1203 1789 1241 1851 de
1264 1811 1315 1852 me

253 1902 280 1942 is
294 1876 512 1941 Nicomachus
531 1878 614 1942 nihil
634 1879 725 1962 dixit,
749 1877 920 1943 Cebalinus
939 1879 1021 1962 plus,
1046 1901 1142 1962 quam
1162 1878 1315 1962 audierat,

296 1970 376 2032 scire
399 1989 466 2031 non
488 1968 604 2051 potuit.
642 1966 744 2052 Atqui
769 1968 1001 2032 coniurationis
1025 1971 1121 2051 caput
1144 1989 1194 2031 me
1214 1966 1348 2031 fuisses

295 2057 396 2120 credit
419 2060 487 2119 rex!
525 2056 638 2121 Potuit
657 2080 733 2142 ergo
752 2057 900 2140 Dymnus
920 2080 993 2120 eum
1012 2057 1196 2141 praeterire,
1219 2078 1314 2139 quem

295 2145 503 2229 sequebatur,
528 2147 716 2229 praesertim
740 2168 812 2211 cum
839 2146 1005 2230 quaerenti
1029 2145 1133 2209 socios
1157 2145 1209 2209 vel
1232 2146 1314 2208 falso

294 2234 410 2299 fuerim
429 2235 653 2316 nominandus,
677 2257 740 2318 qno
759 2234 895 2319 facilius,
920 2236 976 2319 qui
994 2235 1225 2319 temptabatur,
1243 2256 1314 2317 pos·

251 2350 280 2389 ao
295 2328 343 2387 set
371 2323 505 2407 inpelli?
542 2323 616 2388 Non
643 2325 727 2388 enim
753 2318 878 2389 detecto
903 2325 1044 2389 facinore
1068 2345 1186 2388 nomen
1209 2343 1348 2389 meum?

294 2413 468 2497 praeteriit,
488 2418 524 2477 ut
542 2414 648 2496 possit
665 2414 767 2478 videri
780 2410 874 2479 >socio
893 2414 1087 2497 pepercisse:
1106 2412 1315 2495 Nicomacho,

295 2523 389 2584 quem
415 2503 588 2566 taciturum
612 2525 726 2567 arcana
750 2504 788 2566 de
812 2504 984 2587 semetipso
1008 2501 1165 2585 credebat,
1194 2502 1315 2565 confes-

295 2613 350 2654 sus
384 2591 456 2654 aliis
481 2593 657 2655 nominatis
689 2615 740 2656 me
772 2615 873 2656 unum
906 2592 1123 2656 subtrahebat.
1180 2590 1348 2672 Quaeso,s

294 2681 543 2766 commilitones,
576 2682 604 2745 si
632 2679 804 2745 Cebalinus
837 2704 888 2745 me
911 2704 977 2746 non
1000 2680 1131 2763 adisset,
1154 2680 1238 2745 nihil
1264 2701 1315 2743 me

369 2863 380 2906 1
402 2855 517 2926 misero]
535 2857 636 2909 misere
655 2862 675 2908 P
693 2875 728 2911 m.
745 2875 789 2926 pr.
900 2858 1075 2924 &quomodo
1095 2859 1124 2909 et
1142 2862 1167 2908 1:
1195 2856 1223 2907 et
1247 2873 1315 2925 quo-

294 2927 377 2979 modo
397 2932 427 2978 A.
488 2932 504 2978 4
524 2928 659 2999 optimus]
678 2930 811 2997 optumus
831 2934 858 2981 P.
922 2933 937 2981 5
957 2928 1097 2998 excogito]
1117 2926 1268 2995 exquogito
1283 2931 1314 2979 V.

296 3004 310 3049 6
331 3014 415 3050 causa
434 2999 505 3068 tam]
530 3000 648 3052 causata
667 3005 697 3053 v.
809 3005 824 3052 'l
844 2998 988 3055 absolvere
1011 3004 1037 3051 1:
1065 2998 1210 3052 obsoluere
1228 3003 1272 3051 Δμ

295 3069 420 3139 cognita]
440 3071 535 3138 cogita
553 3076 622 3124 Pm.
633 3088 671 3139 pr
741 3069 853 3124 absenti
870 3072 982 3139 scripsi:
1002 3070 1117 3124 absente
1131 3075 1162 3122 Δ.
1223 3074 1314 3121 8non

294 3157 418 3208 possum,
429 3142 477 3208 qui
487 3159 504 3194 a
518 3146 665 3210 praesente
676 3159 726 3195 oric.
737 3148 801 3196 Pm.
813 3159 867 3211 pr„
881 3159 1014 3211 superscr.
1028 3158 1063 3195 m.
1073 3158 1122 3197 sec.
1179 3148 1194 3194 9
1214 3140 1314 3210 vincti]

293 3211 365 3263 uicti
384 3218 451 3265 Lm.
463 3230 508 3280 pr.
526 3218 546 3263 P
565 3232 597 3267 m.
610 3231 655 3282 pr.
737 3220 770 3266 12
791 3231 843 3268 nec
867 3213 1054 3285 committam]
1075 3230 1127 3267 nec
1148 3214 1315 3266 omittamB

294 3301 329 3335 m.
341 3289 464 3350 prum.
475 3301 531 3352 pr„
545 3299 597 3337 nec
611 3284 756 3338 comittam
770 3290 826 3339 LV.
883 3290 916 3337 14
930 3285 1016 3355 inter]
1030 3285 1085 3338 iter
1098 3290 1126 3337 P.
1184 3290 1216 3339 15
1231 3283 1316 3336 Nico·

295 3355 423 3424 machus]
443 3355 642 3408 nichomachus
662 3362 687 3409 c.
752 3361 786 3408 16
806 3356 905 3427 Atqui]
925 3356 1008 3424 acqui
1027 3361 1095 3410 Pm.
1107 3373 1152 3424 pr.
1217 3356 1314 3425 caput]

296 3426 388 3493 capud
402 3432 430 3477 P.
503 3426 590 3479 fuisse
608 3432 633 3479 1:
654 3426 754 3481 iecisse
770 3433 802 3480 Α.
876 3433 908 3481 17
929 3443 1013 3497 quem
1031 3426 1203 3495 sequebatur
1230 3444 1315 3496 quam

296 3497 499 3565 sequebatur?
516 3516 549 3552 m.
562 3516 616 3566 pr„
631 3514 704 3566 quae
718 3498 920 3567 insequebatur
931 3503 977 3550 PP
990 3515 1026 3552 m.
1040 3515 1091 3553 rec.
1148 3504 1181 3552 19
1233 3498 1315 3569 erim]

295 3568 399 3621 fuerint
420 3575 487 3622 Pm.
498 3587 544 3637 pr.
614 3575 647 3621 20
664 3569 777 3641 inpelli]
794 3569 924 3640 intellegi
940 3575 960 3621 P
976 3589 1011 3624 m.
1024 3588 1070 3639 pr.
1139 3575 1171 3622 21
1190 3571 1314 3639 praeter-

295 3640 340 3709 iit]
360 3641 495 3707 praeterit
512 3647 540 3693 P.
638 3641 728 3709 possit
746 3647 815 3694 Pm.
825 3660 884 3711 pm:
904 3643 1000 3709 posset
1019 3647 1044 3694 c.
1141 3640 1314 3695 Nicomacho

295 3713 455 3765 Acidaliae:
471 3712 651 3766 nicomachus
665 3719 699 3781 Ρ,
713 3712 914 3766 nichomachus
930 3719 955 3765 c.
1011 3717 1045 3764 22
1061 3712 1176 3783 arcana]
1192 3712 1315 3766 archana

295 3787 376 3834 ΡΠ.
457 3790 489 3835 23
510 3784 673 3855 nominatis]
697 3784 858 3838 nominatus
878 3788 949 3836 PPL
968 3802 1002 3837 m.
1015 3802 1058 3853 pr.
1142 3789 1177 3837 24
1196 3783 1315 3853 adisset]

295 3854 420 3907 audisset
438 3860 458 3906 P
479 3873 511 3907 m.
522 3873 567 3923 pr.
