3150 4459
312 431 376 495 146
688 430 719 496 Q.
740 430 849 485 CURTI
868 431 955 485 RUFI

311 617 406 679 quam
432 611 473 659 cc
493 595 597 658 stadia
619 594 740 676 abesse,
764 596 949 679 exercitum,
973 599 1086 681 utpote
1109 595 1248 679 praedae
1273 597 1341 659 avi-

310 685 396 767 dum,
428 684 668 768 inconpositum
697 684 981 767 inordinatumque
1008 686 1189 769 procedere.
1251 683 1340 767 Hyr-

311 774 435 837 caniam
466 774 566 837 videri
593 773 766 857 petituros:
803 775 832 837 si
859 774 1027 837 festinaret
1059 776 1151 856 sequi
1178 775 1341 858 palantes,

258 880 289 926 12
311 866 589 947 superventurum.
635 861 776 926 Dareum
805 861 910 926 adhuc
933 863 1049 927 vivere.
1096 861 1234 927 Strenuo
1259 862 1339 927 alio

311 954 366 1035 qui
390 952 600 1035 cupiditatem
615 952 832 1035 consequendi
850 952 1020 1038 transfuga
1033 952 1200 1015 iniecerat:
1225 954 1338 1035 itaque
1366 978 1378 1017 1

309 1042 488 1105 calcaribus
512 1040 650 1104 subditis
674 1041 775 1104 effuso
801 1062 897 1105 cursu
912 1045 997 1104 eunt.
1029 1040 1163 1125 Iamque
1186 1041 1338 1105 fremitus

308 1129 453 1194 hostium
476 1130 539 1193 iter
562 1129 813 1215 ingredientium
837 1130 1083 1213 exaudiebatur,
1107 1131 1160 1193 sed
1184 1151 1339 1214 prospec-

309 1223 380 1282 tum
404 1219 566 1283 ademerat
588 1219 731 1303 pulveris
754 1218 866 1283 nubes.
897 1218 1067 1303 Paulisper
1091 1241 1167 1305 ergo
1192 1219 1338 1283 inhibuit

257 1324 449 1391 recursum,
472 1309 574 1373 donec
597 1308 780 1373 consideret
801 1309 918 1392 pulvis.
964 1306 1098 1391 Iamque
1127 1310 1295 1393 conspecti
1320 1330 1338 1370 a

309 1396 456 1461 barbaris
484 1400 575 1461 erant
602 1401 635 1460 et
663 1397 852 1461 abeuntium
882 1419 998 1482 agmen
1026 1400 1258 1481 conspexerant
1282 1419 1338 1460 ne·
1353 1422 1378 1461 10

309 1508 470 1569 quaquam
500 1486 602 1550 futuri
625 1508 732 1571 pares,
764 1486 791 1549 si
815 1485 916 1549 Besso
946 1491 1073 1550 tantum
1098 1486 1196 1550 animi
1220 1487 1338 1549 fuisset

308 1574 350 1638 ad
372 1575 541 1659 proelium,
565 1578 722 1658 quantum
745 1576 785 1640 ad
808 1575 1018 1660 parricidium
1037 1575 1151 1639 fuerat.
1184 1574 1338 1657 Namque

309 1668 342 1728 et
368 1686 503 1729 numero
532 1665 659 1728 barbari
689 1665 899 1749 praestabant
922 1669 955 1728 et
977 1664 1110 1729 robore:
1135 1664 1173 1727 ad
1197 1665 1261 1728 hoc
1284 1686 1332 1727 re-

255 1769 289 1817 14
308 1754 385 1818 fecti
408 1775 482 1818 cum
503 1753 651 1839 fatigatis
674 1757 835 1817 certamen
857 1752 972 1817 inituri
995 1757 1095 1818 erant.
1132 1752 1195 1818 Sed
1217 1775 1337 1818 nomen

308 1841 485 1907 Alexandri
508 1843 664 1924 etfama,
687 1845 863 1907 maximum
886 1844 921 1907 in
946 1843 1030 1906 bello
1054 1844 1168 1926 utique
1192 1865 1336 1906 momen·
1352 1868 1376 1909 rs

256 1947 289 1995 15
309 1936 388 2017 tum,
411 1932 546 2015 pavidos
568 1933 603 1995 in
626 1930 737 2017 fugam
762 1932 887 1995 avertit.
934 1929 1053 1996 Bessus
1077 1954 1153 1995 vero
1179 1934 1210 1995 et
1236 1932 1335 1996 ceteri
1351 1939 1388 1992 37

308 2021 461 2085 facinoris
485 2022 554 2085 eius
577 2020 753 2105 participes
776 2021 961 2085 vehiculum
976 2020 1074 2084 Darei
1097 2022 1241 2085 adsecuti
1266 2042 1336 2085 coe-

307 2113 427 2194 perunt
455 2109 580 2174 hortari
608 2131 695 2193 eum,
723 2110 952 2175 conscenderet
980 2132 1098 2193 equum
1123 2114 1155 2173 et
1183 2132 1217 2173 se
1246 2110 1336 2174 hosti

255 2214 289 2262 16
308 2198 388 2284 fuga
418 2200 564 2284 eriperet.
623 2198 683 2263 ille
718 2199 795 2263 deos
828 2201 950 2263 ultores
985 2198 1095 2262 adesse
1132 2203 1272 2263 testatur
1303 2201 1336 2262 et

309 2286 485 2352 Alexandri
518 2288 612 2353 fidem
644 2288 811 2372 inplorans
844 2291 942 2374 negat
970 2310 1004 2352 se
1042 2288 1219 2371 parricidas
1252 2290 1336 2352 velle
1351 2316 1378 2354 ao

309 2377 465 2442 comitari.
511 2376 594 2441 Tum
618 2399 694 2441 vero
725 2379 773 2441 ira
803 2398 931 2460 quoque
954 2378 1080 2442 accensi
1103 2380 1168 2441 tela
1191 2378 1335 2441 coiciunt

308 2467 342 2530 in
371 2487 480 2551 regem
504 2468 680 2549 multisque
709 2466 895 2531 confossum
919 2466 1108 2530 vulneribus
1136 2468 1334 2549 relinquunt.

256 2570 289 2618 11
309 2553 457 2619 Iumenta
481 2577 618 2639 quoque,
640 2577 682 2619 ne
704 2555 836 2641 longius
859 2556 1014 2640 prosequi
1037 2560 1179 2639 possent,
1204 2556 1335 2619 convul-

307 2649 423 2709 nerant
442 2645 569 2709 duobus
592 2644 702 2728 servis,
727 2646 785 2727 qui
808 2665 917 2730 regem
940 2644 1186 2729 comitabantur,
1210 2645 1334 2709 occisis.

256 2747 288 2796 18
308 2732 391 2798 Hocv
404 2733 491 2798 edito
515 2734 672 2820 facinore,
700 2737 738 2797 ut
760 2733 899 2819 vestigia
927 2733 1024 2819 fugae
1048 2737 1246 2818 spargerent,
1269 2732 1336 2797 Na·
1350 2759 1376 2799 rs

309 2824 462 2887 barzanes
495 2822 706 2907 Hyrcaniam,
741 2822 860 2886 Bessus
892 2821 1010 2886 Bactra
1041 2825 1154 2907 paucis
1188 2823 1334 2906 equitum

308 2913 540 2978 comitantibus
563 2912 724 2997 petebant.
770 2910 905 2976 Barbari
930 2911 1064 2975 ducibus
1089 2912 1246 2992 destituti,
1270 2934 1335 2995 qua

308 3023 470 3087 quemque
499 3006 556 3066 aut
583 3023 657 3087 spes
686 3000 824 3064 ducebat
851 3005 907 3064 aut
930 3022 1044 3085 pavor,
1076 3000 1334 3084 dissipabantur:

308 3109 333 3155 Ι)
364 3094 492 3155 tantum
525 3092 650 3174 equites
693 3094 968 3175 congregaverant
1001 3111 1035 3153 se
1067 3089 1182 3153 incerti
1220 3089 1335 3173 adhuc,

256 3195 289 3242 19
309 3181 458 3244 resistere
486 3180 602 3244 melius
630 3183 714 3244 esset
742 3202 783 3243 an
810 3178 930 3263 ingere.
981 3177 1164 3243 Alexander
1190 3179 1335 3242 hostium
1350 3205 1377 3244 ao

308 3270 524 3354 trepidatione
553 3272 708 3353 conperta
741 3266 936 3333 Nicanorem
966 3289 1039 3332 oum
1068 3268 1214 3350 equitum
1241 3272 1334 3352 parte

381 3468 394 3514 1
415 3461 538 3529 praedae
557 3461 672 3514 avidum
690 3462 745 3515 scri
764 3463 802 3516 si:
824 3464 1007 3529 praecaueret
1026 3465 1056 3512 A.
1125 3465 1140 3512 2
1159 3460 1334 3528 Hyrcaniam

307 3532 411 3587 Aldus:
431 3532 588 3585 hircaniam
601 3537 660 3597 BP,
679 3532 749 3601 hyrc
769 3532 863 3585 aniam
878 3538 908 3598 F,
922 3532 1100 3585 hirchaniam
1115 3536 1170 3584 LV.
1226 3537 1244 3583 4
1263 3531 1334 3587 alio·

307 3603 356 3671 qui
374 3609 401 3656 1:
422 3603 548 3671 ahoquin
561 3609 591 3656 Δ.
649 3609 682 3657 10
701 3601 879 3674 abeuntium]
895 3603 1063 3657 abeuntium
1077 3608 1107 3655 V.
1165 3608 1199 3655 14
1217 3604 1333 3675 nomen]

307 3691 436 3729 noemam
450 3680 478 3728 1..
552 3680 586 3727 25
605 3673 797 3745 Nabarzanes]
818 3674 978 3728 nabazanes
994 3679 1022 3727 Β.
1097 3680 1130 3727 26
1148 3674 1334 3746 Hyrcaniam]

307 3745 463 3801 hircaniam
481 3750 587 3800 ΜΠ.
671 3752 704 3800 28
725 3747 775 3799 aut
793 3745 890 3815 pavor]
911 3746 968 3798 aud
986 3762 1077 3814 pauor
1094 3751 1122 3797 1..
1212 3745 1334 3815 dissipa

306 3818 411 3872 bantur
431 3823 459 3870 c:
480 3816 655 3887 dissipantur
672 3823 700 3871 P.
773 3817 814 3887 se]
835 3816 858 3869 si
872 3821 893 3868 B
907 3835 942 3870 m.
953 3834 999 3886 pr.
