3150 4459
326 429 369 491 42
704 430 734 495 Q.
756 429 864 483 GURTI
883 430 968 484 RUFI

328 591 503 657 Alexandri
527 594 591 657 iam
616 593 657 657 ob
676 592 809 676 nimiam
832 592 924 678 regni
944 593 1153 678 cupiditatem
1175 595 1343 679 adulantis,

328 687 476 747 statuunt
499 683 660 748 neminem
684 706 754 747 esse
777 682 937 766 potiorem
962 706 1056 767 quam
1082 682 1342 770 Abdalonymum

328 771 498 856 quendam,
525 771 623 858 longa
653 772 782 856 quidem
811 774 1003 858 cognatione
1036 772 1130 859 stirpi
1157 775 1270 861 regiae
1298 774 1342 840 ad·

327 883 460 945 nexum,
492 861 548 925 sed
576 862 617 926 ob
646 862 788 946 inopiam
820 861 1039 926 suburbanum
1068 862 1203 929 hortum
1235 864 1344 951 exigua

275 968 309 1015 2ο
329 952 487 1014 colentem
516 952 606 1035 stipe.
659 949 763 1015 Causa
792 950 821 1015 ei
845 952 1044 1035 paupertatis
1073 954 1157 1017 sicut
1184 954 1345 1038 plerisque

328 1041 474 1124 probitas
499 1044 581 1123 erat,
611 1041 819 1123 intentusque
847 1042 937 1124 operi
961 1039 1076 1106 diurno
1101 1044 1275 1126 strepitum
1304 1066 1345 1107 ar-

330 1151 467 1213 morum,
490 1130 546 1213 qui
569 1134 672 1194 totam
692 1128 804 1193 Asiam
825 1135 1037 1214 concusserat,
1060 1154 1124 1195 non
1148 1133 1345 1197 exaudiebat.

275 1238 308 1285 21
330 1217 446 1283 Subito
470 1219 593 1301 deinde,
617 1220 655 1283 de
680 1220 800 1303 quibus
822 1220 1038 1285 antedictum
1061 1225 1118 1305 est,
1143 1244 1218 1287 cum
1244 1223 1368 1309 regiael

330 1310 429 1373 vestis
457 1308 639 1394 insignibus
667 1308 797 1373 hortum
825 1309 957 1393 intrant,
985 1331 1080 1393 quem
1108 1311 1194 1375 forte
1225 1312 1345 1377 steriles

276 1416 309 1464 22
328 1398 445 1463 herbas
478 1398 600 1483 eligens
628 1397 875 1482 Abdalonymus
903 1400 1107 1483 repurgabat.
1161 1399 1247 1466 Tum
1274 1423 1346 1486 rege

330 1508 367 1551 eo
392 1487 532 1551 salutato
553 1487 634 1552 alter
657 1509 696 1551 ex
720 1487 786 1551 his:
812 1487 987 1570 ‘Habitus’,
1010 1489 1125 1574 inquit,
1150 1488 1218 1554 ‘hio
1241 1490 1347 1571 vestis,

331 1599 426 1660 quern
451 1577 554 1641 cernis
578 1578 612 1641 in
635 1577 716 1640 meis
739 1577 899 1660 manibus,
922 1599 995 1642 cum
1019 1579 1082 1643 isto
1107 1580 1259 1663 squalore
1282 1603 1348 1664 per-

329 1666 503 1730 mutandus
531 1666 592 1730 tibi
620 1670 678 1731 est.
726 1664 830 1730 Ablue
859 1687 975 1750 corpus
1004 1667 1124 1732 inluvie
1148 1670 1348 1754 terrenisque

331 1755 481 1819 sordibus
515 1756 712 1839 squalidum:
746 1777 823 1838 cape
853 1757 938 1840 regis
972 1756 1115 1821 animum
1147 1761 1180 1821 et
1212 1759 1249 1822 in
1282 1781 1348 1822 eam

330 1844 503 1928 fortunam,
532 1867 596 1927 qua
624 1845 740 1930 dignus
769 1865 816 1926 es,
849 1846 945 1909 istam
975 1846 1206 1911 continentiam
1236 1848 1348 1932 perfer.

329 1933 472 1999 Etcum
500 1934 534 1997 in
561 1933 663 2020 regali
691 1933 773 1999 solio
806 1933 961 1998 residebis
989 1935 1075 1999 vitae
1103 1937 1258 2019 necisque
1287 1960 1350 2002 om-

331 2024 422 2088 nium
446 2023 565 2087 civium
585 2024 745 2105 dominuS,
768 2046 845 2088 cave
865 2023 1067 2091 obliviscaris
1091 2029 1203 2109 status,
1229 2026 1264 2090 in
1289 2048 1350 2111 quo

278 2131 312 2179 23
332 2114 452 2196 accipis
476 2135 620 2198 regnum,
644 2114 754 2192 immo,
777 2112 917 2195 hercule,
940 2118 1073 2199 propter
1096 2115 1212 2199 quem’.
1262 2114 1351 2180 Som-

331 2203 386 2267 nio
402 2200 517 2267 similis
531 2225 582 2266 res
597 2202 825 2287 Abdalonymo
839 2203 1021 2267 videbatur:
1041 2204 1213 2287 interdum,
1232 2207 1352 2270 satisne

332 2291 401 2355 sani
426 2297 542 2374 essent,
567 2294 622 2376 qui
646 2296 713 2356 tarn
737 2296 887 2377 proterve
912 2292 974 2357 sibi
999 2293 1190 2378 inluderent,
1218 2317 1383 2378 percon-rr

332 2381 470 2445 tabatur.
526 2379 588 2446 Sed
624 2385 662 2445 ut
698 2384 863 2447 cunctanti
901 2382 1032 2466 squalor
1068 2382 1196 2448 ablutus
1236 2389 1286 2449 est
1324 2389 1354 2449 et

332 2471 451 2535 iniecta
482 2470 581 2536 vestis
613 2494 757 2555 purpura
789 2494 932 2555 auroque
965 2470 1118 2537 distincta
1155 2476 1188 2536 et
1220 2473 1305 2538 fides
1338 2497 1355 2538 a
1389 2473 1391 2544 l

332 2560 515 2625 iurantibus
538 2561 632 2643 facta,
656 2561 738 2625 serio
763 2561 827 2624 iam
850 2582 907 2625 rex
929 2560 1044 2625 iisdem
1066 2562 1299 2628 comitantibus
1323 2564 1355 2627 in
1389 2561 1391 2570 '

279 2667 313 2716 24
332 2649 455 2734 regiam
477 2650 634 2733 pervenit.
680 2649 780 2714 Fama
803 2649 925 2732 deinde,
948 2654 985 2714 ut
1008 2650 1099 2735 solet,
1127 2655 1258 2716 strenue
1285 2657 1357 2718 tota

332 2739 412 2803 urbe
445 2738 610 2803 discurrit:
643 2739 780 2804 aliorum
814 2738 966 2821 studium,
999 2740 1136 2804 aliorum
1168 2740 1387 2829 indignatione

332 2828 502 2912 eminebat,
521 2828 733 2894 divitissimus
753 2830 890 2912 quisque
908 2827 1126 2894 humilitatem
1146 2829 1357 2916 inopiamque

280 2935 314 2984 25
334 2917 403 2981 eius
436 2918 520 3002 apud
553 2918 674 2982 amicos
706 2917 884 2982 Alexandri
917 2918 1156 2983 criminabatur.
1212 2918 1357 2985 Admitti

333 3030 407 3071 eum
440 3030 496 3071 rex
524 3007 674 3091 protinus
707 3007 803 3071 iussit
835 3007 953 3091 diuque
983 3008 1232 3091 contemplatus:
1269 3009 1358 3075 ‘Gor-

406 3260 419 3307 1
441 3254 594 3308 Alexandri
608 3254 666 3307 iam
679 3256 789 3323 scripsi:
811 3254 1004 3308 alexandriam
1018 3260 1040 3307 A
1055 3254 1213 3325 [alexandri
1228 3258 1312 3328 **B].

334 3325 478 3380 adulantis
497 3326 607 3398 Stangl:
633 3325 815 3380 adulantibus
835 3330 865 3380 A.
966 3326 1229 3395 2Abdalonymum
1250 3333 1283 3381 1²:
1309 3328 1360 3383 ab·

335 3397 508 3451 dalonimum
529 3404 553 3449 c.
664 3403 696 3450 10
719 3398 933 3465 Abdalonymus
952 3399 1079 3453 Medias:
1108 3398 1307 3455 abdalonimus
1329 3407 1359 3455 Δ.

336 3475 369 3521 13
394 3468 568 3537 terrenisque
596 3469 833 3540 Saamburpias:
864 3468 1040 3537 aeternisque
1064 3474 1093 3524 A.
1205 3475 1237 3523 17
1265 3474 1360 3527 status

334 3541 444 3608 scripsi:
465 3540 548 3593 huius
563 3547 593 3593 A.
668 3545 701 3594 18
720 3541 829 3594 somnio
845 3541 970 3595 Merula:
991 3558 1087 3595 somno
1102 3546 1132 3594 Δ.
1209 3547 1240 3595 19
1261 3543 1361 3599 Abda·

334 3611 448 3679 lonymo
466 3616 498 3664 P:
519 3611 698 3666 abdalonimo
717 3619 742 3664 c.
808 3616 842 3665 23
862 3612 934 3665 serio
955 3612 1074 3666 Ginaia:
1095 3628 1155 3666 sero
1174 3618 1205 3666 Δ.
1272 3617 1360 3670 comi-

334 3682 474 3753 tantibus]
502 3684 731 3736 commitantibus
756 3690 781 3735 c.
891 3690 925 3736 24
949 3685 1010 3737 tota
1035 3685 1103 3737 urbe
1125 3685 1254 3739 Medias:
1281 3689 1360 3742 totas

334 3753 418 3807 urbes
437 3758 467 3807 A.
554 3754 1080 3825 testudium]stadiumltm.pr.1².
1168 3760 1201 3808 26
1221 3756 1360 3813 divitissi-

336 3826 410 3897 mus]
430 3824 606 3880 diutissimus
625 3832 654 3880 B.
