3150 4459
590 1121 638 1222 Q.
664 1120 858 1205 OURTI
884 1121 1039 1204 RUFI

672 1319 955 1380 msroemnuu

393 1513 906 1611 ALEXANDRI
953 1513 1235 1612 MAGNI

681 1723 939 1790 nicanorus

731 1918 841 1972 LIBER
859 1918 892 1971 X.

274 2090 288 2143 I
368 2081 474 2147 Isdem
497 2083 565 2146 fere
589 2082 702 2147 diebus
717 2080 874 2146 Cleander
896 2087 929 2147 et
948 2080 1083 2146 Sitalces
1103 2086 1227 2145 etcum
1243 2081 1364 2169 Aga-1

301 2171 401 2237 thone
424 2170 575 2237 Heracon
603 2171 846 2255 superveniunt,
880 2171 936 2254 qui
963 2170 1209 2235 Parmenionem
1238 2172 1333 2237 iussu

302 2262 388 2346 regis
416 2260 607 2325 occiderant.
658 2278 681 2323 v
709 2259 799 2323 milia
826 2260 973 2345 peditum
1003 2282 1076 2325 cum
1104 2259 1270 2343 equitibus
1294 2278 1333 2345 M,

266 2368 282 2415 2
303 2350 359 2414 sed
382 2354 415 2414 et
438 2355 639 2414 accusatores
663 2370 718 2414 eos
738 2371 755 2413 a
773 2349 951 2433 provincia,
975 2351 1027 2413 cui
1045 2350 1261 2433 praefuerant,
1283 2372 1332 2415 se

302 2440 493 2523 quebantur.
530 2438 600 2503 Nec
619 2442 670 2503 tot
687 2438 841 2522 facinora,
866 2443 946 2521 quot
965 2439 1169 2521 admiserant,
1189 2460 1331 2523 conpen-
1358 2465 1370 2506 u

303 2550 374 2593 sare
401 2532 532 2612 poterat
559 2528 664 2591 caedis
694 2549 851 2611 perquam
875 2532 985 2614 gratae
1008 2529 1078 2612 regi
1101 2528 1331 2593 ministerium.

267 2616 432 2701 eQuippe
456 2638 528 2680 cum
553 2617 662 2681 omnia
685 2617 820 2699 profana
844 2618 1046 2700 spoliassent,
1072 2638 1112 2680 ne
1137 2617 1235 2681 racris
1260 2618 1331 2700 qui-

302 2708 375 2771 dem
399 2707 637 2790 abstinuerant,
663 2706 869 2791 virginesque
893 2710 926 2769 et
948 2706 1111 2789 principes
1133 2705 1332 2771 feminarum

267 2813 283 2861 4
303 2800 415 2879 stupra
438 2817 608 2879 perpessae
626 2816 800 2878 corporum
819 2794 959 2859 ludibria
978 2795 1146 2860 deflebant.
1181 2793 1330 2860 Invisum

302 2884 516 2950 Macedonum
545 2906 662 2949 nomen
691 2884 825 2948 avaritia
852 2905 964 2948 eorum
993 2905 1031 2948 ao
1053 2882 1156 2947 libido
1180 2883 1370 2951 barbarism

267 2975 430 3039 sfecerat.
476 2972 567 3037 Inter
594 2995 705 3038 omnes
733 2977 841 3037 tamen
871 2972 1033 3036 eminebat
1058 2972 1205 3037 Cleandri
1228 2972 1331 3057 furor,

303 3064 359 3147 qui
382 3062 526 3126 nobilem
549 3062 710 3148 virginem
735 3066 977 3145 constupratam
1001 3083 1094 3126 servo
1113 3083 1172 3125 suo
1191 3062 1331 3145 pelicem

266 3152 441 3217 odederat.
478 3150 629 3234 Plerique
651 3153 829 3215 amicorum
844 3150 1022 3215 Alexandri
1043 3172 1110 3214 non
1134 3154 1201 3213 tarn
1223 3151 1331 3215 orimi-

301 3264 389 3324 num,
414 3263 495 3324 quae
518 3241 627 3324 palam
652 3240 887 3324 obiciebantur,
910 3240 1123 3323 atrocitatem,
1147 3262 1245 3324 quam
1264 3262 1330 3304 me-

376 3475 389 3521 1
410 3468 516 3540 Isdem]
538 3469 657 3523 Hisdem
675 3474 704 3522 Ρ.
814 3475 830 3522 2
849 3468 1075 3539 Parmenionem]
1098 3466 1331 3537 parmoeniouem

302 3546 384 3593 BLV.
462 3541 549 3594 4sed
567 3543 597 3593 et
615 3547 645 3594 c:
666 3540 716 3594 sed
734 3547 762 3594 P.
837 3540 1026 3610 accusatores]
1046 3540 1227 3593 adcuratores
1246 3544 1275 3593 Ρ.

302 3611 459 3681 provincia]
487 3612 632 3680 prouintia
659 3617 764 3665 BHP.
875 3617 891 3665 6
918 3614 988 3680 quot
1013 3616 1033 3662 Β
1055 3629 1089 3666 m.
1110 3628 1173 3666 sec:
1203 3612 1279 3678 quod
1298 3616 1329 3665 Δ.

304 3689 319 3735 6
338 3682 527 3736 ministerium
546 3689 572 3737 1:
590 3683 748 3737 ministerio
767 3688 798 3737 Δ.
856 3688 870 3735 7
890 3698 925 3736 ne
940 3688 966 3736 1:
986 3700 1037 3735 neo
1056 3687 1087 3735 Δ.
1144 3686 1177 3735 10
1197 3681 1331 3755 avaritia]

304 3754 429 3808 auaricia
448 3759 555 3807 ΗΠ.
