3150 4459
312 415 378 479 206
502 463 505 467 .
695 414 726 479 Q.
746 413 856 469 CURTI
873 416 960 468 RUFI

312 600 421 664 regem
454 601 596 663 quoque,
628 601 695 644 non
724 580 908 645 contionem
938 580 1048 662 mod0,
1073 579 1248 643 sedunus
1273 583 1347 643 erat

312 668 515 751 inplacabilis
552 669 665 754 frater,
703 669 760 753 qui
793 668 931 732 terribili
965 668 1057 732 vultu
1087 670 1218 733 intuens
1236 690 1345 732 eum:

314 756 431 841 ‘'lum',
448 758 609 841 acclamat,
628 759 781 842 ‘domena
799 758 966 822 lacrimare
982 758 1146 839 debueras,
1165 779 1241 821 oum
1256 779 1345 841 equo

313 845 448 910 calcaria
463 848 624 930 subderes,
637 848 775 912 fratrum
796 848 941 912 desertor
955 850 987 911 et
1006 847 1206 911 desertorum
1223 868 1344 912 cornea

312 934 421 1020 Miser,
454 958 518 1020 quo
542 940 575 1001 et
598 937 683 1001 unde
705 936 877 1022 fugiebas?
913 936 1068 1019 Effecisti,
1095 940 1133 999 ut
1154 957 1230 999 reus
1255 937 1345 1021 capi·
1370 966 1380 1005 5

277 1044 291 1091 τ
313 1024 355 1089 tis
385 1027 581 1091 accusatoris
609 1031 717 1090 uterer
746 1025 874 1090 verbis'.
920 1024 980 1090 llle
1003 1047 1151 1108 peccasse
1174 1046 1245 1089 sese
1268 1048 1346 1111 gra-

311 1112 384 1178 vius
413 1116 446 1178 in
473 1116 589 1180 fratres
615 1138 712 1199 quam
740 1115 774 1178 in
803 1114 1013 1199 semetipsum
1035 1114 1206 1179 fatebatur.
1255 1114 1344 1179 Tum

311 1225 388 1268 vero
425 1226 530 1289 neque
565 1204 707 1269 lacrimis
738 1226 843 1288 neque
876 1203 1179 1286 adclamationibus,
1217 1204 1344 1287 quibus

312 1292 419 1356 studia
447 1316 505 1358 sua
531 1294 707 1357 multitudo
735 1293 920 1377 profitetur,
948 1296 1216 1376 temperaverunt.
1263 1292 1345 1358 Una

311 1404 375 1447 vox
398 1386 467 1445 erat
489 1385 561 1467 pari
584 1382 701 1448 emissa
724 1404 892 1467 consensu,
923 1386 959 1446 ut
982 1384 1165 1447 insontibus
1190 1385 1222 1445 et
1246 1382 1344 1447 forti·
1358 1414 1382 1453 10

311 1470 372 1534 bus
399 1472 479 1535 viris
506 1476 660 1556 parceret.
705 1471 813 1536 Amici
842 1494 970 1555 quoque
999 1472 1074 1534 data
1097 1472 1344 1537 misericordiae

275 1577 291 1625 8
311 1560 479 1625 occasione
494 1564 695 1647 consurgrmt
708 1562 886 1645 flentesque
900 1582 1009 1645 regem
1026 1560 1247 1644 deprecantur.
1265 1560 1343 1626 ¹Ille

311 1648 442 1713 silentio
460 1651 561 1716 facto:
586 1650 642 1714 ‘Et
660 1649 754 1734 ipse’,
777 1650 894 1735 inquit,
919 1647 1096 1733 ‘Amyntan
1119 1672 1190 1713 mea
1210 1654 1342 1714 senten-

310 1738 357 1801 tia
380 1739 560 1822 fratresque
583 1741 652 1804 eius
674 1738 817 1804 absolve.
855 1738 924 1804 Vos
943 1743 1061 1823 autem,
1084 1740 1226 1819 iuvenca,
1250 1739 1341 1805 malo

311 1827 460 1892 beneficii
483 1828 547 1892 mei
571 1829 719 1894 oblivisci
742 1851 839 1912 quam
862 1828 998 1913 periculi
1022 1828 1119 1894 vestri
1142 1829 1340 1894 meminisse.
1356 1859 1380 1899 15

311 1915 433 1981 Eadem
457 1918 521 1982 fide
544 1918 646 1982 redite
670 1919 705 1981 in
728 1918 867 2004 gratiam
890 1940 1025 2000 mecum,
1050 1939 1113 2001 qua
1136 1918 1205 2001 ipse
1230 1917 1340 1982 vobis-

275 2024 384 2070 ccum
407 2010 560 2072 revertor.
606 2007 693 2091 Nisi,
727 2029 809 2091 quae
833 2007 938 2071 delata
962 2011 1081 2090 essent,
1114 2007 1340 2091 excussissem,

311 2094 434 2180 aliquid
457 2096 495 2160 de
519 2096 776 2162 dissimulatione
796 2118 867 2160 mea
885 2096 1042 2180 suspicari
1061 2096 1264 2180 potuissetis:
1290 2118 1340 2161 sa·

310 2184 376 2249 tius
399 2189 448 2249 est
470 2190 627 2271 purgatos
651 2208 720 2250 esse
739 2207 836 2268 quam
855 2189 1031 2270 suspectos.
1070 2183 1219 2271 Cogitate
1234 2187 1339 2249 nemi-

258 2291 291 2339 10
311 2295 385 2336 nem
404 2274 529 2339 absolvi
549 2297 654 2359 posse,
676 2275 741 2339 nisi
758 2276 814 2359 qui
829 2275 948 2339 dixerit
961 2296 1098 2338 causam.
1137 2273 1195 2356 Tu,
1214 2272 1339 2358 Amyn·
1353 2305 1380 2344 ao

311 2366 353 2446 ta,
376 2364 509 2448 ignosce
531 2366 625 2429 fratri
644 2369 709 2429 tuo.
746 2364 821 2428 Erit
839 2365 902 2429 hoc
921 2364 1112 2447 simpliciter
1131 2364 1228 2427 etiam
1253 2364 1338 2427 mihi

311 2452 511 2517 reconciliati
534 2453 635 2518 animi
657 2454 707 2518 tui
730 2454 871 2539 pignus’.

259 2560 286 2606 11
378 2538 536 2606 Contione
560 2542 674 2607 deinde
697 2543 830 2607 dimissa
848 2542 1083 2627 Polydamanta
1106 2542 1214 2606 vocari
1235 2542 1336 2606 iubet.
1354 2552 1369 2606 7

311 2629 423 2715 Longe
446 2633 690 2716 acceptissimus
713 2631 920 2697 Parmenioni
944 2634 1021 2714 erat,
1050 2631 1217 2714 proximus
1240 2629 1337 2695 lateri

385 2812 531 2875 lquoqus
550 2824 600 2861 om.
615 2813 644 2859 Ε.
701 2806 874 2877 contionem]
894 2807 1057 2860 concionem
1076 2811 1106 2859 V.
1165 2806 1227 2878 sed]
1247 2809 1336 2860 setE.

312 2883 327 2929 3
347 2876 431 2948 Tum]
450 2879 483 2931 tu
496 2885 526 2933 Ε.
582 2880 750 2933 reclamat
768 2880 879 2947 scepei:
900 2879 942 2931 ait
955 2883 1013 2931 AB.
1040 2922 1042 2926 .
1068 2883 1085 2929 4
1104 2877 1250 2948 subderes]
1270 2877 1335 2931 sub-

311 2948 428 3003 dedcres
446 2955 474 3002 P.
530 2950 667 3021 desertor]
687 2950 798 3004 deserto
816 2956 847 3002 V.
903 2950 1081 3019 6pecoasse]
1100 2965 1231 3018 percusse
1249 2955 1280 3002 Ε.

313 3036 373 3074 sese
390 3021 504 3089 scrupea:
529 3037 558 3075 se
578 3022 628 3074 sed
647 3027 672 3089 c,
692 3038 753 3076 sese
772 3022 822 3075 sed
841 3027 869 3089 P,
890 3037 950 3074 sese
969 3023 1012 3073 set
1030 3026 1060 3072 Ε.
1143 3025 1157 3073 7
1177 3020 1335 3090 fatebatur]

311 3090 449 3146 fatebitur
462 3099 492 3145 Ε.
557 3098 573 3145 8
593 3092 708 3165 quibus]
723 3091 772 3160 qui
786 3099 846 3158 BP,
856 3100 921 3161 port
934 3094 1006 3146 banc
1019 3109 1108 3146 vocem
1122 3092 1153 3145 ia
1167 3097 1188 3142 F
1202 3093 1338 3146 inseritur

311 3170 378 3218 uota
401 3165 566 3233 marpiaals'a
584 3164 680 3218 studia
698 3182 749 3217 sua
767 3164 982 3218 multitudinem
996 3162 1252 3217 adclamationibus
1270 3180 1335 3231 pro-

311 3234 398 3296 fiteri,
427 3253 497 3304 qaae
524 3236 605 3291 verbu
630 3252 699 3290 corr.
723 3238 798 3290 licea
822 3237 919 3290 deleat
946 3242 971 3289 et
996 3236 1027 3288 iu
1050 3236 1175 3304 maryiae
1202 3236 1335 3303 repetivit.

313 3310 346 3390 ο10
356 3306 431 3389 pari]
442 3307 517 3376 patri
526 3312 547 3359 B
557 3325 590 3362 m.
597 3325 642 3376 pr.
695 3307 906 3391 latentesque]
921 3305 1095 3390 flectensque
1102 3311 1129 3358 Ρ.
1186 3311 1218 3359 13
1229 3305 1334 3376 inquit]

311 3378 810 3521 tit¹t,·i·a.t?”tt]bttiiit
824 3383 1026 3503 territi]
1041 3380 1220 3519 liridi]
1240 3394 1336 3501 ,titt

313 3520 340 3574 ei
353 3526 381 3574 Ρ.
437 3520 571 3592 gratiam]
586 3522 711 3592 graciam
725 3527 755 3573 v.
809 3527 841 3574 1⁷
862 3521 967 3591 delata]
983 3519 1043 3573 lata
1057 3526 1077 3572 Ρ
1091 3538 1125 3574 m.
1136 3537 1181 3588 pr.
1235 3524 1268 3572 18
1284 3520 1335 3573 ali-

313 3592 382 3661 quid
401 3592 436 3645 de
456 3593 679 3647 dissimulatione
698 3609 761 3647 mea
780 3592 918 3662 suspicari
936 3590 1100 3661 potuissetis
1119 3592 1230 3660 scripsi:
1250 3591 1335 3644 ualde

313 3663 502 3717 dissimulatio
521 3680 584 3719 mea
603 3680 735 3733 superare
754 3665 894 3734 potuisset
913 3664 963 3716 sed
981 3668 1011 3717 Δ,
1075 3662 1175 3732 satius]
1196 3662 1289 3715 sacius
1303 3668 1334 3715 V.

313 3740 347 3790 20
362 3735 497 3806 Amynta]
513 3736 685 3789 amintaFI..
741 3741 775 3789 23
791 3735 919 3805 dimissa]
934 3735 1020 3787 missa
1030 3740 1058 3785 P.
1113 3733 1335 3804 Polydamanta]

312 3806 508 3876 polidamantu
524 3813 548 3860 c.
615 3814 657 3862 ,24
674 3807 863 3874 Parmenioni]
883 3806 1078 3875 parmoenioni
1097 3810 1151 3857 Er.
