3150 4459
465 466 717 520 HISTORIARUM
735 466 949 520 ALEXANDRI
967 466 1014 534 VI,
1033 472 1057 521 ὅ.
1074 472 1098 520 6.
1233 466 1294 530 169

271 651 379 693 rerum
398 629 501 694 lamae
520 653 630 715 parem
649 631 752 696 oculis
768 631 980 714 perlustrans:
1005 630 1125 714 quippe
1144 630 1294 696 omuibus

271 718 417 783 barbaris
440 719 474 783 in
497 741 669 804 corporum
694 720 862 784 maiestate
885 720 1049 784 veneratio
1073 724 1136 799 est,
1163 742 1295 806 magno

271 830 408 891 rumque
432 830 564 892 operum
588 831 655 873 non
678 809 759 873 alios
783 830 915 892 capaces
939 813 1069 892 putant,
1093 830 1190 892 quam
1214 832 1295 893 quos

273 896 391 961 eximia
428 898 534 982 specie
566 899 685 963 donare
717 903 833 963 natura
866 898 997 984 dignata
1030 901 1087 963 est.
1144 897 1294 966 Ceterum
1315 917 1349 966 80

245 986 481 1071 sinterrogata,
507 1010 585 1051 num
610 988 733 1070 aliquid
756 991 865 1071 petere
890 987 1000 1070 vellet,
1024 986 1110 1051 haud
1134 988 1296 1058 dubitavit

273 1075 367 1139 fateri
391 1077 431 1139 ad
455 1076 738 1141 communicandos
762 1099 836 1141 cum
859 1098 935 1163 rege
959 1076 1080 1141 liberos
1104 1080 1295 1163 sevenisse,

274 1164 413 1249 dignam,
438 1188 476 1229 ex
496 1187 559 1248 qua
583 1167 652 1251 ipse
675 1167 768 1251 regni
786 1170 955 1252 generaret
977 1166 1123 1231 heredes:
1147 1166 1295 1235 feminini

273 1274 367 1317 sexus
399 1276 432 1317 se
463 1258 673 1339 retenturam,
704 1278 826 1320 marem
857 1255 1055 1320 reddituram
1083 1257 1177 1338 patri.
1222 1254 1297 1322 Ale-
1313 1276 1349 1327 ,31

272 1343 401 1424 xander,
426 1366 466 1406 an
490 1366 563 1407 cum
582 1345 654 1429 ipso
677 1344 818 1409 militare
837 1347 942 1427 vellet,
966 1344 1159 1430 interrogat:
1183 1350 1216 1409 at
1239 1346 1296 1411 illa

232 1457 259 1495 ιο
273 1437 417 1514 causata,
446 1434 515 1496 sine
539 1434 672 1498 custode
695 1455 831 1520 regnum
855 1434 1037 1518 reliquisse,
1059 1438 1169 1518 petere
1191 1457 1296 1518 perse-

273 1521 413 1604 verabat,
434 1543 476 1586 ne
500 1544 533 1586 se
557 1523 689 1587 inritam
712 1523 782 1608 spei
807 1523 894 1588 abire
917 1527 1089 1607 pateretur.
1121 1522 1238 1589 Acrior
1256 1526 1297 1593 ad
1317 1543 1350 1591 32

273 1631 419 1674 venerem
447 1610 587 1675 feminae
617 1612 734 1696 cupido
763 1635 860 1696 quam
888 1615 988 1698 regis,
1018 1615 1055 1676 ut
1077 1635 1198 1697 paucos
1228 1614 1296 1679 dies

272 1700 471 1782 subsisteret,
494 1703 646 1786 perpulit.
691 1719 756 1766 xm
779 1702 847 1766 dies
875 1702 910 1766 in
933 1702 1122 1785 obsequium
1147 1702 1296 1773 desiderii

273 1789 342 1852 eius
366 1790 530 1872 absumpti
555 1796 638 1855 sunt.
666 1790 750 1855 Tum
773 1793 831 1856 illa
853 1813 989 1877 regnum
1014 1813 1118 1875 suum,
1141 1814 1198 1855 rex
1221 1792 1296 1857 Par-

233 1903 258 1941 ιε
272 1878 405 1942 thienen
427 1880 536 1964 petire
598 1884 620 1944 t.
1165 1963 1167 1968 Ι

219 1971 258 2025 20
341 1967 404 2032 Hic
417 1990 494 2032 vero
508 1969 616 2051 palam
636 1968 830 2053 cupiditates
851 1992 925 2033 suas
940 1969 1038 2035 solvit
1051 1970 1296 2035 continentiam·
1311 1978 1350 2033 VI

274 2078 335 2137 que
358 2061 391 2121 et
413 2057 676 2143 moderationem,
699 2059 734 2123 in
757 2058 915 2123 altissima
929 2080 1056 2142 quaque
1075 2059 1207 2123 fortuna
1221 2060 1297 2131 emi-

273 2148 383 2209 nentia
407 2147 500 2230 bona,
524 2148 557 2210 in
581 2148 765 2231 superbiam
789 2169 826 2212 ac
849 2147 1013 2213 lasciviam
1028 2148 1135 2212 vertit.
1169 2148 1296 2214 Patrios
1316 2169 1331 2215 2

274 2257 380 2299 mores
418 2237 687 2320 disciplinamque
723 2236 937 2301 Macedonum
973 2258 1086 2323 regum
1124 2238 1297 2303 salubriter

232 2348 259 2386 so
273 2326 485 2408 temperatam
510 2330 542 2390 et
561 2327 687 2390 civilem
711 2326 860 2391 habitum
879 2328 968 2390 velut
991 2326 1112 2391 leviora
1136 2327 1296 2413 maguitu-

274 2412 347 2477 dine
372 2437 429 2478 sua
453 2415 572 2480 ducens
590 2415 738 2479 Persicae
761 2417 869 2503 regiae
891 2438 950 2500 par
973 2415 1107 2481 deorum
1131 2417 1296 2500 potentiae
1332 2451 1334 2457 ·

273 2503 440 2588 fastigium
486 2504 723 2570 aemulabatur:
769 2505 873 2570 iacere
917 2504 1009 2569 humi
1050 2506 1332 2571 venerabundoso

219 2653 222 2658 ,
273 2594 380 2676 ipsum
409 2595 629 2678 paulatimque
660 2594 832 2659 servilibus
862 2593 1051 2658 ministeriis
1078 2598 1129 2659 tot
1156 2595 1296 2661 victores

274 2682 420 2766 gentium
453 2683 586 2747 inbuere
619 2688 651 2747 et
684 2684 820 2767 captivis
851 2706 945 2767 pares
980 2685 1085 2748 facere
1118 2685 1295 2768 expetebat.
1332 2719 1334 2733 π

232 2800 257 2839 25
272 2770 388 2854 ltaque
420 2794 618 2855 purpureum
654 2773 800 2836 diadema
841 2773 1030 2839 distinctum
1067 2772 1156 2856 albo,
1200 2776 1334 2856 quale4
1363 2844 1379 2872 x

273 2860 398 2924 Dareus
421 2861 592 2945 habuerat,
621 2861 719 2946 capiti
748 2861 961 2928 circumdedit
983 2866 1169 2945 vestemque
1194 2862 1296 2928 Persi·
1333 2929 1335 2937 ,

274 2973 343 3012 cam
368 2952 516 3034 sumpsit,
539 2974 579 3014 ue
603 2972 698 3014 omen
714 2951 844 3035 quidem
868 2952 999 3034 veritus,
1024 2952 1144 3034 quoda
1163 2952 1297 3018 victoris

347 3151 359 3196 1
380 3144 569 3215 perlustrans]
589 3143 763 3213 perlustrant
781 3150 809 3196 P.
883 3150 899 3197 3
918 3144 1034 3215 putant]
1052 3146 1154 3213 patant
1171 3151 1240 3198 Pru.
1251 3163 1295 3214 pr.

274 3220 289 3266 8
309 3215 495 3286 retenturam]
518 3217 695 3268 retenturam
717 3221 773 3268 Π.
870 3215 1057 3287 reddituram]
1080 3216 1249 3270 retdituram
1266 3222 1296 3269 Ι..

275 3286 477 3357 9interrogat]
495 3287 652 3356 interroget
669 3292 737 3341 Pm.
750 3305 795 3355 pr.
868 3289 899 3340 at
916 3293 942 3341 1:
962 3289 991 3340 et
1009 3292 1040 3341 Δ.
1114 3292 1147 3341 10
1167 3288 1296 3361 custode]

274 3358 418 3411 custodiae
438 3364 464 3411 c.
527 3364 560 3410 12
579 3360 613 3410 ut
629 3364 662 3410 P:
683 3375 716 3411 ac
734 3361 767 3412 ut
786 3364 812 3410 0.
881 3364 914 3411 14
932 3358 1103 3413 Parthienen
1121 3360 1295 3415 Letellerius:

273 3429 451 3497 parthienem
466 3436 491 3496 0,
510 3429 687 3498 parthyenen
700 3435 728 3483 P.
803 3435 837 3482 16
857 3430 1128 3501 continentiamque]
1146 3432 1297 3485 contenen-

273 3501 400 3568 tiamque
419 3507 446 3553 P.
528 3507 560 3554 17
580 3500 705 3573 fortuna]
724 3501 869 3554 fortunam
886 3506 918 3555 V.
997 3507 1030 3555 19
1049 3501 1160 3573 regum]
1178 3518 1297 3571 regnum

274 3579 293 3624 P
307 3591 341 3626 m.
353 3590 408 3640 pra,
423 3573 532 3642 regium
547 3579 574 3627 1..
640 3578 673 3625 22
692 3572 907 3627 venerabundos
928 3574 1104 3628 Vindelicus:
1121 3573 1297 3628 uenerabun-

273 3645 325 3697 dus
345 3650 375 3696 Δ.
439 3650 472 3696 23
491 3644 668 3715 ministeriis]
686 3644 851 3698 nimisteriis
869 3650 938 3698 Pm.
949 3662 995 3714 pr.
1052 3649 1086 3697 24
1105 3644 1256 3713 expetebat
1269 3650 1295 3699 1:

274 3716 442 3784 expectabat
460 3721 490 3768 Δ.
588 3721 622 3769 25
641 3716 738 3787 quale]
757 3732 845 3784 quare
863 3721 933 3770 Pm.
944 3734 988 3785 pr.
1087 3720 1121 3768 26
1144 3715 1296 3787 habuerat]

274 3788 393 3840 abuerat
411 3793 438 3841 1..
513 3794 546 3840 27
566 3804 601 3841 ne
621 3804 701 3841 omen
721 3794 746 3839 1:
766 3804 848 3840 nemo
867 3804 925 3840 non
943 3792 974 3854 A,
992 3788 1039 3843 sed
1057 3789 1089 3841 ia
1107 3793 1133 3849 P
1147 3796 1246 3840 emeno
1265 3788 1298 3841 ia

273 3876 327 3913 ros.
345 3878 377 3912 ru.
393 3877 453 3926 ree,
472 3876 557 3927 aeque
570 3861 724 3929 perspicere
737 3861 829 3928 potui,
848 3859 916 3928 quid
934 3878 968 3914 ua.
979 3877 1025 3929 pr.
1039 3859 1172 3927 scriptum
1191 3859 1263 3936 esset
1282 3910 1284 3914 .
