3150 4459
486 433 739 488 HISTORIARUM
757 433 973 489 ALEXANDRI
991 434 1025 501 V,
1041 443 1065 489 ὁ.
1225 434 1286 498 127

265 596 430 662 deliberat.
475 597 548 662 Nisi
573 600 686 662 mutuo
711 597 821 662 miseri
844 619 999 674 essemus,
1024 600 1102 663 olim
1126 597 1288 661 1111111111

263 686 483 772 potuissemus
514 709 582 751 esse
608 687 753 751 fastidio:
782 687 861 770 quid
893 687 1011 751 mirum
1040 691 1072 751 et
1104 688 1287 751 fortunatos

264 797 389 859 semper
411 798 521 859 parem
550 777 725 859 quaerere?
771 775 913 841 Obsecro
937 798 1010 860 vos,
1039 777 1117 841 olim
1147 776 1214 839 vita
1237 776 1289 840 de·
1309 793 1341 840 13

262 864 368 929 functi
383 887 574 948 quaeramus
589 867 706 949 locum,
729 866 763 929 in
784 887 848 948 quo
871 865 952 931 haec
966 888 1089 930 semesa
1104 865 1287 930 obruamus.

235 952 356 1020 sGrati
379 976 512 1038 prorsus
536 954 738 1041 coniugibus
762 976 841 1038 quas
856 954 987 1019 iuvenes
1003 954 1162 1038 duximus,
1184 975 1288 1019 rever-

263 1047 386 1108 temur!
433 1044 542 1108 Liberi
571 1045 707 1108 inflore
731 1044 902 1109 etaetatis
926 1050 1086 1109 etrerum
1111 1046 1288 1130 agnoscent

261 1137 372 1219 patres
400 1134 554 1218 ergastuli
583 1133 787 1197 detrimental
820 1133 865 1197 111
889 1137 989 1217 quota
1011 1155 1086 1217 pars
1109 1134 1213 1197 nostri
1237 1137 1287 1197 tot
1307 1148 1340 1198 14

262 1222 352 1287 obire
375 1226 477 1287 terras
500 1222 629 1306 potest?
667 1222 785 1287 Procul
803 1221 936 1307 Europa
957 1224 992 1287 in
1016 1224 1130 1287 ultima
1145 1220 1286 1286 Orientis

248 1312 406 1396 relegati,
429 1333 521 1375 senes
546 1311 678 1394 debiles,
701 1314 823 1377 maiore
846 1311 1065 1376 membrorum
1090 1314 1182 1396 parte
1205 1312 1287 1376 mul·

219 1427 247 1466 ιο
261 1401 325 1466 cati
349 1401 559 1466 tolerabimus
582 1401 718 1483 scilicet,
743 1423 825 1485 quae
844 1405 984 1466 armatos
1003 1406 1035 1466 et
1054 1402 1192 1465 victores
1214 1400 1287 1465 fati-

261 1492 394 1574 garunt!
433 1490 595 1575 Coniuges
614 1491 737 1573 deinde,
761 1511 842 1575 quas
857 1492 960 1575 captis
975 1491 1042 1555 fors
1062 1495 1094 1553 et
1112 1489 1285 1554 necessitas
1306 1506 1339 1555 11

259 1580 391 1643 unicum
416 1580 572 1644 solacium
595 1580 761 1664 adplicuit,
783 1601 965 1664 parvosque
984 1580 1103 1644 liberos
1127 1578 1286 1644 trahimus

259 1669 430 1733 nobiscum
460 1691 502 1732 an
529 1669 766 1753 relinquimus?
813 1667 892 1732 (lum
924 1669 976 1733 his
999 1669 1165 1733 venientes
1190 1690 1285 1733 nemo
1306 1685 1339 1733 11

260 1779 435 1843 agnoscere
458 1760 560 1823 volet:
585 1758 804 1841 relinquemus
821 1779 897 1843 ergo
918 1760 1080 1843 extemplo
1104 1759 1286 1843 praesentia

218 1873 244 1912 11
259 1846 413 1932 pignora,
437 1870 510 1912 cum
534 1846 692 1912 incertum
710 1846 775 1930 sit,
798 1869 840 1911 an
863 1846 963 1911 visuri
988 1848 1089 1912 simus
1112 1848 1179 1933 illa,
1204 1869 1286 1931 quae

204 1941 243 1994 19
259 1936 424 2019 petimus?
474 1935 563 1999 Inter
590 1936 651 2001 hos
678 1936 845 2000 latendum
874 1941 936 2015 est,
974 1938 1030 2020 qui
1058 1958 1117 2001 nos
1150 1936 1286 2000 miseros

258 2047 354 2090 nosse
378 2026 574 2110 coeperunt'
612 2025 702 2090 Haec
720 2024 910 2090 Euctemon.
950 2024 1069 2090 Contra
1092 2026 1285 2090 Theaetetus
1306 2042 1338 2090 1'1

259 2112 468 2180 Atheniensis
498 2137 588 2179 orsus
617 2119 667 2179 est
695 2114 813 2179 dicere:
850 2113 1022 2179 Neminem
1050 2114 1142 2200 pium
1170 2114 1285 2179 habitu

260 2205 404 2286 corporis
427 2226 503 2269 suos
527 2205 781 2287 aestimaturum,
799 2204 912 2288 utique
927 2205 1060 2268 saevitia
1083 2205 1197 2287 hostis,
1219 2224 1286 2268 non

218 2320 244 2359 so
259 2299 376 2358 natura
399 2294 614 2359 calamitosos.
642 2292 788 2379 Dignum
812 2314 881 2358 esse
905 2295 993 2358 omni
1017 2296 1112 2375 malo,
1136 2293 1192 2377 qui
1216 2315 1286 2357 eru-

259 2383 403 2447 besceret
437 2382 590 2447 fortuito:
622 2382 750 2447 tristem
782 2383 868 2446 enim
896 2383 934 2446 de
967 2383 1165 2447 mortalitate
1202 2383 1285 2446 ferre

260 2473 452 2536 sententiam
477 2476 510 2535 et
533 2472 700 2556 desperare
714 2472 976 2556 misericordiam,
1000 2472 1077 2555 quia
1099 2473 1169 2557 ipse
1192 2473 1285 2535 alteri

260 2561 477 2646 denegaturus
505 2561 556 2624 sit.
611 2560 713 2644 Deos,
744 2561 831 2645 quod
864 2562 927 2645 ipsi
959 2583 1138 2645 numquam
1173 2564 1284 2645 optare
1305 2574 1338 2625 18

260 2650 331 2714 ausi
354 2651 470 2732 forent,
493 2651 618 2714 offerre:
642 2650 790 2734 patriam,
814 2650 976 2736 coniuges,
989 2650 1110 2715 liberos
1129 2654 1170 2733 et,
1195 2649 1285 2733 quid-

219 2767 245 2806 11
262 2740 342 2823 quid
364 2740 512 2803 homines
535 2742 588 2805 vel
615 2741 683 2803 vita
710 2740 883 2804 aestimant
906 2742 959 2804 rel
985 2744 1090 2805 morte
1113 2740 1283 2803 redimunt.

261 2828 348 2905 Quin
371 2829 419 2892 illi
443 2851 482 2892 ex
501 2829 563 2893 hoo
588 2850 713 2893 carcere
728 2830 956 2914 erumperent?
980 2829 1078 2893 alium
1104 2828 1191 2893 domi
1215 2850 1284 2892 esse
1304 2845 1337 2893 19

261 2919 340 2982 caeli
368 2918 535 3000 haustum,
564 2919 662 2982 alium
689 2918 772 2982 lucis
806 2922 981 3003 aspectum.
1032 2918 1152 2998 Mores,
1186 2939 1285 3002 sacra,

334 3190 349 3236 2
374 3187 403 3236 11
422 3184 577 3237 Bentleias:
605 3185 648 3237 111
671 3186 701 3235 Δ.
811 3188 828 3235 4
852 3183 971 3253 semesa]
999 3198 1127 3238 semensa
1148 3186 1169 3233 P
1188 3200 1222 3234 m.
1237 3200 1283 3250 pr.

263 3261 278 3307 5
297 3256 423 3325 prorsus]
438 3271 566 3324 prorssus
580 3259 607 3308 P.
665 3260 679 3307 ‘1
695 3256 790 3323 patres
805 3254 965 3309 Acidaliae:
980 3253 1082 3307 1111111
1096 3258 1126 3305 Δ.
1182 3252 1272 3307 nostri

262 3328 358 3381 nostra
377 3333 446 3380 Pm.
456 3344 502 3395 pr.
590 3324 750 3397 8Eur0pa]
770 3342 876 3394 europa
895 3330 915 3377 B
935 3344 969 3380 m.
983 3342 1029 3395 pr.
1117 3323 1272 3394 tralegati

262 3397 376 3467 religati
394 3404 463 3452 Pur.
474 3416 519 3466 pr.
534 3402 562 3449 P.
628 3396 830 3467 membrorum]
850 3397 1030 3451 menbrorum
1047 3400 1103 3449 PV.
1166 3396 1284 3450 mulcati

262 3471 407 3524 Halmius:
427 3468 542 3522 multati
556 3472 586 3521 Δ.
644 3473 677 3521 10
696 3468 832 3539 armatos]
852 3470 1100 3537 1111111311111.
1159 3467 1283 3522 121111·

263 3541 349 3611 cium]
370 3540 502 3594 solatium
521 3545 577 3592 PV.
634 3546 667 3592 14
686 3539 840 3611 extemplo]
856 3555 906 3593 our.
921 3545 942 3592 P
955 3556 990 3593 m.
1001 3556 1056 3609 pr„
1075 3537 1181 3607 templo
1198 3544 1229 3592 V.

262 3612 423 3681 praesentia
437 3612 596 3666 Acidaliae:
615 3611 808 3681 praesentium
826 3615 856 3665 Δ.
930 3615 964 3664 20
984 3610 1161 3664 erubesceret
1174 3610 1282 3665 Laacr:

263 3685 425 3739 erubescere
445 3688 475 3736 A.
531 3688 564 3734 21
584 3681 714 3754 fortuito]
732 3681 849 3737 fortuite
868 3687 896 3735 P.
957 3687 991 3735 23
1011 3682 1121 3753 optare]
1140 3681 1237 3735 obtare
1252 3687 1283 3735 V.

263 3762 297 3809 24
318 3754 428 3825 offerre]
448 3755 480 3808 ia
498 3761 518 3806 P
537 3753 569 3808 of
584 3755 690 3809 litterae
707 3756 739 3809 irs
757 3772 813 3810 ras.
832 3760 904 3808 sant.
997 3758 1031 3806 26
1049 3754 1121 3825 vita]
1142 3753 1233 3805 uitam
1251 3757 1282 3806 V.

264 3833 297 3879 27
317 3826 462 3897 haustum]
483 3829 595 3879 austum
609 3831 629 3876 P
643 3843 677 3880 m.
686 3844 731 3895 pr.
810 3825 913 3896 mores]
933 3841 1043 3878 morum
1056 3830 1087 3879 V.
