3150 4459
466 438 719 501 HISTORIARUM
737 442 951 499 ALEXANDRI
971 444 1029 512 1111,
1049 452 1072 501 1,
1235 444 1278 508 47

255 630 386 675 sacrum
424 610 679 675 anniversarium
715 633 805 676 more
847 610 953 693 patrio
995 614 1073 674 tuno
1113 613 1279 674 venerant:

255 698 381 783 quippe
396 697 623 786 Carthaginem
638 699 729 785 Tyrii
744 700 956 764 condiderunt
970 722 1095 783 semper
1109 703 1280 782 parentum

255 788 330 853 loco
355 789 444 854 culti.
489 788 623 854 Hortari
647 811 724 875 ergo
748 789 850 854 Poeni
874 793 1058 874 coeperunt,
1081 793 1118 852 ut
1142 788 1279 854 obsidio·
1301 805 1333 853 11

256 900 333 943 nem
355 878 435 943 forti
458 879 567 943 animo
590 883 792 963 paterentur:
820 880 911 944 brevi
936 877 1131 964 Carthagine
1159 877 1281 942 auxilia

217 971 404 1044 eventura.
463 966 612 1051 Namque
649 990 686 1033 ea
722 972 916 1051 tempestate
953 989 1069 1052 magna
1112 990 1150 1031 ex
1188 970 1280 1051 parte

217 1051 244 1117 ’Ὀ
256 1056 392 1121 Punicis
424 1056 581 1122 classibus
620 1058 722 1122 maria
754 1057 996 1122 obsidebantur.
1051 1056 1157 1141 Igitur
1194 1055 1279 1119 bello
1301 1074 1333 1121 12

258 1146 389 1210 decreto
407 1167 466 1229 per
484 1168 593 1211 muros
612 1150 782 1230 turresque
802 1150 964 1211 tormenta
982 1146 1169 1230 disponunt,
1192 1167 1280 1209 arma

257 1235 442 1300 iunioribus
471 1236 631 1320 dividunt,
660 1238 807 1321 opifices,
835 1258 970 1320 quorum
1002 1235 1096 1319 copia
1119 1236 1198 1300 urbs
1227 1234 1280 1298 ab·

217 1403 221 1412 ,
257 1324 410 1408 undabat,
438 1325 472 1388 in
500 1325 646 1390 officinas
674 1326 882 1390 distribuunt.
934 1323 1050 1389 Omnia
1077 1325 1155 1390 belli
1184 1347 1279 1408 appa·

217 1418 330 1530 pratu
359 1418 521 1498 strepunt:
553 1415 675 1479 ferreae
703 1438 832 1499 quoque
860 1437 975 1479 manus
1002 1453 1046 1460 —
1074 1414 1279 1500 harpagonas

217 1545 221 1580 2
257 1508 377 1569 vocant
400 1541 457 1587 -—,
481 1526 561 1587 quas
586 1504 736 1588 operibus
759 1504 904 1569 hostium
928 1505 1099 1588 inicerent,
1127 1504 1279 1587 corvique

257 1596 302 1656 et·
327 1592 393 1657 alia
428 1593 557 1658 tuendis
598 1594 734 1658 urbibus
776 1594 960 1679 excogitata
995 1594 1279 1678 praeparabantur.

217 1687 219 1750 ἶ
258 1680 320 1747 Sed
351 1704 425 1746 cum
454 1683 641 1748 fornacibus
672 1685 807 1767 ferrum,
837 1684 924 1767 quod
954 1683 1069 1748 excudi
1100 1682 1280 1766 oportebat,
1301 1701 1333 1748 13

217 1829 219 1860 ,
258 1771 437 1856 inpositum
466 1776 564 1857 esset,
592 1772 794 1857 admotisque
821 1773 957 1837 follibus
986 1772 1093 1858 ignem
1122 1772 1203 1835 flatu
1231 1793 1279 1836 ac-

217 1862 439 1954 tscenderent,
469 1862 637 1948 sanguinis
669 1864 732 1927 rivi
764 1862 823 1926 sub
855 1862 935 1947 ipsis
965 1862 1104 1925 flammis
1135 1862 1280 1925 extitisse

217 1963 218 1970 ’
258 1950 425 2015 dicuntur:
454 1951 551 2034 idque
575 1973 670 2016 omen
693 1954 728 2016 in
750 1952 964 2017 Macedonum
988 1952 1154 2015 interitum
1178 1955 1279 2016 verte·

257 2043 334 2103 runt
353 2039 453 2123 Tyrii.
495 2039 593 2125 Apud
606 2040 799 2106 Macedonas
819 2062 948 2125 quoque
968 2062 1041 2105 cum
1060 2041 1145 2104 forte
1164 2044 1279 2123 panem
1301 2060 1334 2108 14

217 2129 219 2198 ζ
257 2129 390 2212 quidam
415 2128 558 2194 militnm
577 2131 773 2217 frangerent,
798 2131 958 2204 manantis
979 2131 1146 2215 sanguinis
1170 2133 1280 2216 guttas

217 2213 218 2220 '
256 2222 467 2302 notaverunt,
504 2218 679 2304 territoque
711 2242 787 2306 rege
820 2220 1024 2301 Aristander,
1061 2220 1277 2304 peritissimus

217 2312 379 2392 zaratum,
408 2308 437 2372 ai
460 2308 659 2386 extrinsecus
688 2332 783 2374 cruor
807 2310 963 2393 fluxisset,
987 2308 1218 2374 Macedonibus
1247 2308 1280 2371 id

257 2399 352 2462 triste
384 2396 531 2461 futurum
564 2399 622 2463 ait:
660 2402 782 2482 eontra,
820 2421 892 2463 curn
926 2400 965 2463 ab
999 2399 1153 2463 interiore
1188 2401 1279 2482 parte

257 2486 451 2572 manaverit,
479 2486 567 2571 urbi,
595 2510 692 2571 quam
721 2488 868 2553 obsidere
892 2488 1120 2571 destinassent,
1144 2488 1279 2551 exitium

256 2576 458 2659 portendere.
505 2576 688 2641 Alexander
711 2600 785 2642 cnm
809 2581 841 2641 et
861 2577 996 2642 classem
1015 2578 1127 2661 procul
1145 2577 1280 2641 haberet
1301 2595 1332 2642 16

257 2669 288 2729 et
318 2665 453 2751 longam
477 2666 678 2731 obsidionem
709 2689 828 2753 magno
862 2667 924 2731 sibi
954 2667 994 2730 ad
1022 2670 1128 2731 cetera
1156 2666 1278 2750 inpedi-

221 2758 369 2819 amento
400 2755 524 2819 rideret
551 2757 634 2839 fore,
663 2757 902 2838 caduceatores,
935 2756 990 2839 qui
1020 2756 1060 2820 ad
1083 2777 1195 2840 pacem
1224 2777 1279 2819 eos
1330 2792 1332 2797 ·

257 2843 492 2928 conpellerent,
524 2846 628 2911 misit:
666 2868 747 2930 quos
780 2846 871 2930 Tyrii
905 2848 1016 2909 contra
1049 2846 1099 2909 ius
1133 2844 1278 2930 gentium

256 2936 382 2999 oecisos
401 2935 694 3018 praecipitaverunt
716 2938 752 3000 in
777 2934 888 2999 altum.
935 2934 1044 3017 Atque
1067 2935 1122 2999 ille
1147 2956 1278 2999 suorum

255 3026 324 3087 tam
348 3024 483 3109 indigna
510 3029 613 3089 morte
638 3029 818 3090 commotus
847 3025 960 3088 urbem
984 3024 1131 3087 obsidere
1155 3024 1278 3088 statuit.

327 3277 345 3323 4
365 3270 536 3342 Carthagine
550 3278 582 3324 L:
602 3272 767 3342 chartagine
781 3277 837 3338 BV,
857 3271 1041 3341 charthagine
1056 3278 1085 3337 P,
1100 3270 1246 3339 cartagine
1260 3276 1280 3322 P

255 3361 289 3397 m.
300 3361 348 3411 pr.
441 3349 456 3396 6
475 3343 577 3415 maria]
593 3344 673 3412 ,mari
691 3350 725 3411 1,,
748 3345 825 3397 maia
844 3350 864 3395 P
883 3362 917 3397 m.
928 3361 983 3411 pr,
1002 3343 1110 3397 maiora
1128 3348 1149 3394 P
1167 3360 1201 3395 m.
1213 3340 1280 3410 pra?

256 3419 290 3468 10
309 3414 490 3484 harpagonas
508 3420 534 3468 1:
554 3430 713 3485 arpagonas
732 3421 762 3468 Δ,
825 3421 858 3469 14
878 3416 962 3485 esset]
982 3430 1043 3468 1111
1061 3419 1091 3467 V.
1155 3414 1280 3466 1611111-

254 3486 344 3539 ritum
370 3486 461 3556 Vogel:
479 3488 586 3539 metum
605 3492 635 3541 Δ,
709 3489 853 3540 verterunt
871 3491 957 3539 BPV:
977 3487 1122 3539 uerterant
1140 3491 1160 3537 P
1179 3503 1213 3538 m.
1227 3503 1280 3553 pr,

253 3558 401 3611 uerterent
418 3564 438 3610 L
456 3574 490 3611 m.
501 3557 568 3626 pa?
659 3564 690 3610 11
712 3559 748 3611 ab
768 3558 913 3628 interiore]
938 3558 973 3611 ab
997 3557 1166 3611 inasteriore
1184 3561 1218 3624 B,
1243 3555 1278 3610 ab

254 3627 395 3683 exteriore
413 3634 442 3695 P,
461 3630 597 3683 exteriore
616 3636 637 3682 B
656 3648 690 3684 m.
703 3647 747 3699 pr.
822 3636 856 3682 22
875 3630 1032 3683 manaverit
1051 3629 1157 3683 Leaen:
1182 3644 1279 3681 mana-

253 3703 338 3755 uerat
357 3705 387 3753 4.
466 3700 667 3772 destinassent]
688 3702 859 3755 destinasset
877 3708 906 3754 1).
985 3701 1114 3770 exitium]
1133 3699 1279 3753 exitumP
1390 3699 1394 3712 ’

252 3792 286 3827 m.
301 3790 349 3841 pr.
364 3777 384 3823 P
402 3789 504 3841 m.pr.,
528 3772 647 3825 exicium
666 3778 697 3825 V.
799 3778 832 3825 25
852 3788 899 3825 eos
923 3780 1018 3827 111111).
1121 3777 1153 3823 27
1175 3772 1278 3841 Atque]

251 3844 351 3911 adque
369 3848 389 3894 P
408 3860 442 3896 m.
453 3861 498 3912 pr.
572 3850 606 3897 28
625 3847 685 3898 tam
704 3846 820 3899 Iturius:
840 3844 897 3898 iarn
916 3849 972 3897 ΔΙ).
