3150 4459
456 482 711 539 HISTORIARUM
731 483 946 538 ALEXANDRI
966 484 1024 552 VH,
1045 491 1068 539 7.
1084 489 1108 539 8.
1227 486 1291 551 237

271 649 356 730 quod
376 648 560 731 horrebant,
583 649 813 733 cogitationem
833 648 1014 731 praesentia
1033 648 1101 712 eius
1121 654 1292 715 excuteret.

270 737 361 801 Laeti
389 759 467 822 ergo
496 743 528 803 et
550 737 757 801 manantibus
781 738 899 822 gaudio
922 738 1065 803 lacrimis
1088 741 1327 804 consalutants

271 849 344 890 eum
369 831 413 911 et,
437 827 524 911 quod
547 830 621 892 ante
644 830 871 892 recusaverant
893 827 1028 913 bellum,
1051 828 1173 893 feroces
1199 830 1293 913 depo-

271 919 372 979 scunt.
418 915 477 980 Ine
511 938 544 981 se
577 915 701 981 ratibus
735 918 877 1000 equitem
905 916 1163 1003 phalangemque
1191 922 1327 982 trans-a

243 1009 475 1088 sportaturum
508 1028 576 1071 esse
608 1008 810 1090 pronuntiat,
849 1028 945 1090 super
975 1009 1064 1071 utres
1096 1007 1187 1071 iubet
1216 1030 1293 1072 nare

269 1095 372 1159 levius
396 1101 544 1160 armatos.
581 1094 680 1160 Plura
703 1117 762 1159 nec
785 1095 848 1160 dici
871 1117 923 1160 res
947 1095 1327 1161 desideravitnecre17

270 1183 375 1249 dicere
403 1207 460 1268 per
487 1184 699 1251 valitudinem
727 1186 842 1268 potuit.
890 1183 1039 1249 Ceterum
1067 1190 1159 1250 tanta
1182 1187 1292 1251 alacri-

269 1276 337 1337 tate
364 1274 504 1339 militum
534 1278 620 1338 rates
643 1275 771 1339 iunctae
795 1276 884 1357 sunt,
916 1278 953 1338 ut
977 1275 1062 1339 intra
1084 1275 1228 1339 triduum
1253 1276 1293 1338 ad

269 1380 321 1426 ΧΠ
343 1363 433 1427 milia
456 1365 570 1429 effecta
593 1365 666 1429 sint.
704 1362 841 1448 >Iamque
865 1363 905 1426 ad
928 1364 1160 1428 transeundum
1185 1366 1328 1430 omnies

230 1479 256 1518 ro
270 1457 467 1537 aptaverant,
491 1475 563 1518 cum
585 1453 686 1539 legati
706 1452 901 1537 Scytharum
920 1470 969 1517 xx
992 1475 1082 1518 more
1105 1455 1211 1541 gentis
1235 1476 1292 1539 per

270 1546 374 1606 castra
398 1544 489 1627 equis
512 1544 597 1608 vecti
619 1543 769 1606 nuntiare
793 1543 907 1606 iubent
928 1543 1007 1628 regi,
1034 1546 1117 1608 velle
1140 1545 1228 1628 ipsos
1253 1544 1292 1608 ad

270 1654 342 1695 eum
366 1632 517 1697 mandata
540 1632 688 1715 perferre.
735 1631 879 1695 Admissi
905 1632 940 1694 in
963 1631 1205 1698 tabernaculum
1228 1633 1292 1697 ius·
1312 1647 1327 1693 9

270 1722 360 1803 sique
384 1722 550 1787 considere
569 1723 603 1786 in
621 1722 714 1785 vultu
734 1722 822 1805 regis
843 1720 1019 1784 defixerant
1039 1724 1164 1787 oculus:
1188 1722 1292 1805 credo,

271 1810 342 1893 quis
371 1811 594 1896 magnitudine
622 1810 767 1894 corporis
791 1810 933 1874 animum
958 1811 1202 1875 aestimantibus
1226 1833 1292 1875 mo-

229 1927 254 1967 rs
270 1900 360 1964 dicus
382 1900 513 1965 habitus
532 1900 781 1984 haudquaquam
801 1900 905 1963 famae
924 1922 982 1983 par
1001 1900 1177 1965 videbatur.
1216 1899 1292 1984 Scy·
1313 1914 1346 1962 10

269 1989 335 2052 this
359 1994 467 2053 autem
490 2012 570 2074 non,
593 1993 631 2053 ut
654 1990 767 2054 ceteris
790 1988 950 2070 barbaris,
981 1989 1070 2053 rudis
1094 1994 1126 2053 et
1149 1990 1292 2054 incondi-

270 2082 322 2141 tus
342 2100 453 2143 sensus
473 2085 533 2144 est:
554 2078 685 2162 quidam
700 2100 812 2142 eorum
827 2079 1018 2161 sapientiem
1036 2100 1164 2163 quoque
1179 2102 1293 2164 capere

270 2167 435 2252 dicuntur,
468 2171 761 2253 quantamcumque
789 2189 869 2252 gens
897 2168 983 2250 capit
1011 2188 1138 2252 semper
1160 2174 1291 2233 armata.

270 2255 332 2340 Sic,
356 2279 438 2340 quae
460 2260 587 2323 locutos
610 2280 679 2323 esse
703 2257 788 2341 apud
807 2278 916 2341 regem
936 2258 1109 2322 memoriae
1127 2258 1292 2341 proditum
1313 2274 1343 2321 11

229 2374 255 2412 ao
271 2350 327 2426 est,
352 2347 529 2412 abhorrent
551 2346 690 2411 forsitan
712 2346 857 2410 moribus
872 2346 1110 2431 oratoribusque
1124 2348 1244 2411 nostris
1260 2352 1292 2412 et

270 2440 417 2520 tempora
446 2442 477 2501 et
503 2437 633 2522 ingenia
661 2436 799 2500 cultiora
827 2435 961 2499 sortitis.
1018 2434 1095 2518 Sed,
1118 2441 1156 2502 ut
1187 2439 1292 2520 possit

270 2526 374 2590 oratio
389 2546 500 2590 eorum
516 2527 634 2608 sperni,
649 2528 759 2589 tamen
771 2524 851 2590 fides
865 2529 977 2589 nostra
990 2547 1057 2589 non
1072 2526 1181 2591 debet:
1202 2549 1291 2611 quae,

215 2620 254 2675 34
270 2619 444 2699 utcumque
468 2619 543 2679 sunt
566 2615 698 2696 tradita,
721 2615 910 2697 incorrupta
933 2615 1141 2697 proferemus.
1186 2615 1293 2702 Igitur
1312 2631 1344 2679 1⁶2

269 2727 369 2767 unum
399 2727 437 2768 ex
466 2704 517 2768 his
546 2704 722 2768 maximum
748 2708 827 2767 natu
850 2704 996 2767 locutum
1025 2706 1219 2789 accepimus:
1244 2703 1291 2769 ‘Si

228 2821 254 2859 aa
270 2793 302 2855 di
334 2793 483 2858 habitum
513 2793 659 2877 corporis
691 2792 740 2857 tui
773 2792 921 2857 aviditati
954 2793 1053 2856 animi
1085 2816 1196 2877 parem
1223 2816 1292 2859 esse

271 2883 455 2967 voluissent,
479 2883 567 2948 orbis
585 2887 618 2947 te
636 2904 702 2947 non
722 2886 862 2966 caperet:
886 2883 988 2946 altera
1006 2903 1102 2946 manu
1119 2882 1292 2967 Orientem,

342 3103 355 3149 1
377 3096 531 3167 excuteret]
551 3096 713 3150 excuterent
731 3100 759 3149 Ρ.
851 3101 868 3147 4
887 3093 1126 3166 phalangemque]
1144 3093 1291 3164 falangen-

269 3183 324 3235 que
338 3173 368 3220 V.
443 3174 458 3221 6
478 3167 657 3238 pronuntiat]
676 3165 859 3235 praenuntiat
872 3169 901 3230 Ρ,
920 3166 1089 3233 pronunciat
1103 3173 1131 3220 L.
1205 3172 1220 3219 6
1240 3183 1292 3220 nec

268 3240 328 3310 rex]
343 3256 391 3292 rex
406 3246 433 3293 P.
490 3240 610 3295 8intra
623 3239 734 3308 scrt'poit
749 3237 779 3290 in
794 3241 823 3290 A.
881 3236 1018 3292 beffecta
1031 3243 1064 3292 1²:
1080 3237 1196 3292 effectae
1212 3244 1237 3292 0.

268 3312 306 3365 ad
315 3312 530 3383 transeundum]
541 3329 558 3364 a
567 3309 770 3364 transeundum
781 3315 806 3361 c.
863 3313 897 3361 10
912 3307 1091 3381 Scytharum]
1102 3309 1255 3363 scitharum
1266 3316 1290 3365 0.

270 3389 301 3436 11
322 3383 464 3455 nuntiare]
482 3383 616 3439 nunciate
636 3386 666 3435 V.
752 3386 784 3433 12
804 3378 941 3505 Admissi]
961 3380 1063 3435 admisi
1081 3386 1101 3433 Ρ
1120 3381 1246 3435 ammissi
1260 3387 1290 3437 V.

270 3462 302 3507 15
323 3455 437 3508 habitus
456 3456 616 3509 Acidaliae:
638 3452 747 3506 animus
766 3457 797 3504 Δ.
864 3450 921 3503 bau
943 3453 1097 3524 quaquam]
1115 3452 1292 3523 haudquam·

269 3545 353 3593 quam
372 3534 389 3580 c
409 3527 664 3598 [hautquamquam
682 3524 726 3595 V]
782 3521 908 3593 Scythis]
928 3522 1026 3577 scithis
1046 3530 1071 3577 0.
1129 3530 1161 3578 1⁷
1182 3525 1292 3595 sapien-

268 3598 336 3650 tiam
354 3615 465 3667 quoque
479 3603 512 3651 P:
527 3595 698 3666 sapientiam
708 3601 733 3647 0.
791 3598 824 3647 19
840 3592 894 3658 Sic,
909 3612 982 3662 quac
997 3596 1142 3651 Helonius:
1158 3596 1254 3665 sicque
1265 3603 1292 3662 0,

269 3669 292 3722 si
312 3688 368 3739 qua
382 3677 409 3723 Ρ.
484 3668 606 3739 locutos]
624 3667 736 3721 locutus
755 3670 802 3717 FP
815 3682 906 3733 rapr.
981 3671 1015 3720 20
1034 3670 1290 3736 oratoribusque

267 3743 377 3811 scripsi:
394 3758 449 3810 que
463 3746 493 3794 Δ.
550 3746 584 3794 23
599 3738 762 3805 incorrupta
775 3741 858 3790 conr
871 3753 907 3790 m.
919 3756 963 3807 pr.
1018 3738 1192 3807 proferemus
1206 3740 1290 3794 Beat-

269 3814 349 3867 leiaa:
369 3813 542 3881 perferemus
561 3818 593 3866 Δ.
648 3808 750 3880 Igitur]
770 3809 836 3862 hiae
854 3808 995 3879 inceptaret
1013 3818 1140 3880 excerpto
1160 3811 1290 3866 manaa

268 3885 382 3952 pictacia.
457 3888 490 3937 25
511 3883 541 3936 di
559 3889 619 3937 PR:
640 3880 682 3935 dii
700 3887 725 3933 c.
800 3878 938 3936 aviditati
951 3887 984 3935 i:
1002 3881 1164 3935 affluatis
1183 3884 1248 3930 n,
