<?xml version="1.0" encoding="UTF-8"?>
<!DOCTYPE html PUBLIC "-//W3C//DTD XHTML 1.0 Transitional//EN"
    "http://www.w3.org/TR/xhtml1/DTD/xhtml1-transitional.dtd">
<html xmlns="http://www.w3.org/1999/xhtml" xml:lang="en" lang="en">
 <head>
  <title>
</title>
<meta http-equiv="Content-Type" content="text/html;charset=utf-8" />
  <meta name='ocr-system' content='tesseract 3.04.00' />
  <meta name='ocr-capabilities' content='ocr_page ocr_carea ocr_par ocr_line ocrx_word'/>
</head>
<body>
  <div class='ocr_page' id='page_1' title='image "./qcurtirufihisto01rufugoog_0171.png"; bbox 0 0 3150 4459; ppageno 0'>
   <div class='ocr_carea' id='block_1_1' title="bbox 464 476 1278 543">
    <p class='ocr_par' dir='ltr' id='par_1_1' title="bbox 464 476 1278 543">
     <span class='ocr_line' id='line_1_1' title="bbox 464 476 1278 543; baseline 0.015 -13"><span class='ocrx_word' id='word_1_1' title='bbox 464 476 717 532; x_wconf 80' lang='lat' dir='ltr'><strong>HISTORIARUM</strong></span> <span class='ocrx_word' id='word_1_2' title='bbox 735 476 952 531; x_wconf 79' lang='lat' dir='ltr'><strong>ALEXANDRI-</strong></span> <span class='ocrx_word' id='word_1_3' title='bbox 968 476 1014 543; x_wconf 80' lang='lat' dir='ltr'><strong>VI,</strong></span> <span class='ocrx_word' id='word_1_4' title='bbox 1036 482 1058 531; x_wconf 92' lang='grc'><strong>1.</strong></span> <span class='ocrx_word' id='word_1_5' title='bbox 1214 476 1278 541; x_wconf 80' lang='grc'><strong>153</strong></span> 
     </span>
    </p>
   </div>
   <div class='ocr_carea' id='block_1_2' title="bbox 193 640 1338 3130">
    <p class='ocr_par' dir='ltr' id='par_1_2' title="bbox 193 640 1338 3130">
     <span class='ocr_line' id='line_1_2' title="bbox 253 640 1279 725; baseline 0.001 -21"><span class='ocrx_word' id='word_1_6' title='bbox 253 662 341 705; x_wconf 90' lang='lat' dir='ltr'><strong>nunc</strong></span> <span class='ocrx_word' id='word_1_7' title='bbox 364 641 556 720; x_wconf 87' lang='lat' dir='ltr'><strong>comminus,</strong></span> <span class='ocrx_word' id='word_1_8' title='bbox 587 662 673 705; x_wconf 91' lang='lat' dir='ltr'><strong>nunc</strong></span> <span class='ocrx_word' id='word_1_9' title='bbox 697 642 821 705; x_wconf 91' lang='lat' dir='ltr'><strong>eminus</strong></span> <span class='ocrx_word' id='word_1_10' title='bbox 851 641 1022 723; x_wconf 89' lang='lat' dir='ltr'><strong>petebatur</strong></span> <span class='ocrx_word' id='word_1_11' title='bbox 1048 640 1167 725; x_wconf 90' lang='lat' dir='ltr'><strong>diuque</strong></span> <span class='ocrx_word' id='word_1_12' title='bbox 1191 662 1279 705; x_wconf 87' lang='lat' dir='ltr'><strong>arma</strong></span> 
     </span>
     <span class='ocr_line' id='line_1_3' title="bbox 255 729 1279 814; baseline 0 -21"><span class='ocrx_word' id='word_1_13' title='bbox 255 730 482 794; x_wconf 88' lang='lat' dir='ltr'><strong>circumferens</strong></span> <span class='ocrx_word' id='word_1_14' title='bbox 513 730 577 794; x_wconf 88' lang='lat' dir='ltr'><strong>alia</strong></span> <span class='ocrx_word' id='word_1_15' title='bbox 606 732 672 794; x_wconf 89' lang='lat' dir='ltr'><strong>tela</strong></span> <span class='ocrx_word' id='word_1_16' title='bbox 699 729 803 813; x_wconf 91' lang='lat' dir='ltr'><strong>clipeo</strong></span> <span class='ocrx_word' id='word_1_17' title='bbox 832 729 1026 813; x_wconf 72' lang='lat' dir='ltr'><strong>excipiebat,</strong></span> <span class='ocrx_word' id='word_1_18' title='bbox 1056 750 1192 814; x_wconf 88' lang='lat' dir='ltr'><strong>corpore</strong></span> <span class='ocrx_word' id='word_1_19' title='bbox 1215 730 1279 794; x_wconf 83' lang='lat' dir='ltr'><strong>alia</strong></span> 
     </span>
     <span class='ocr_line' id='line_1_4' title="bbox 254 818 1280 903; baseline 0.002 -22"><span class='ocrx_word' id='word_1_20' title='bbox 254 818 387 902; x_wconf 84' lang='lat' dir='ltr'><strong>vitabat,</strong></span> <span class='ocrx_word' id='word_1_21' title='bbox 411 820 511 884; x_wconf 92' lang='lat' dir='ltr'><strong>donec</strong></span> <span class='ocrx_word' id='word_1_22' title='bbox 534 820 628 883; x_wconf 89' lang='lat' dir='ltr'><strong>hasta</strong></span> <span class='ocrx_word' id='word_1_23' title='bbox 651 819 771 883; x_wconf 88' lang='lat' dir='ltr'><strong>femina</strong></span> <span class='ocrx_word' id='word_1_24' title='bbox 789 819 935 902; x_wconf 86' lang='lat' dir='ltr'><strong>perfossa</strong></span> <span class='ocrx_word' id='word_1_25' title='bbox 957 819 1098 902; x_wconf 90' lang='lat' dir='ltr'><strong>plurimo</strong></span> <span class='ocrx_word' id='word_1_26' title='bbox 1122 819 1280 903; x_wconf 87' lang='lat' dir='ltr'><strong>sangnine</strong></span> 
     </span>
     <span class='ocr_line' id='line_1_5' title="bbox 255 906 1313 994; baseline 0.001 -22"><span class='ocrx_word' id='word_1_27' title='bbox 255 908 356 972; x_wconf 88' lang='lat' dir='ltr'><strong>effuso</strong></span> <span class='ocrx_word' id='word_1_28' title='bbox 385 908 558 973; x_wconf 77' lang='lat' dir='ltr'><strong>destituere</strong></span> <span class='ocrx_word' id='word_1_29' title='bbox 579 912 788 994; x_wconf 78' lang='lat' dir='ltr'><strong>pugnantem.</strong></span> <span class='ocrx_word' id='word_1_30' title='bbox 836 906 925 993; x_wconf 79' lang='lat' dir='ltr'><strong>Ergo</strong></span> <span class='ocrx_word' id='word_1_31' title='bbox 954 908 1057 991; x_wconf 87' lang='lat' dir='ltr'><strong>clipeo</strong></span> <span class='ocrx_word' id='word_1_32' title='bbox 1086 929 1143 972; x_wconf 92' lang='lat' dir='ltr'><strong>suo</strong></span> <span class='ocrx_word' id='word_1_33' title='bbox 1167 924 1313 992; x_wconf 76' lang='lat' dir='ltr'><strong>except</strong></span> 
     </span>
     <span class='ocr_line' id='line_1_6' title="bbox 228 996 1274 1084; baseline -0.003 -21"><span class='ocrx_word' id='word_1_34' title='bbox 228 1001 326 1063; x_wconf 82' lang='lat' dir='ltr'><strong>stum</strong></span> <span class='ocrx_word' id='word_1_35' title='bbox 353 997 506 1084; x_wconf 84' lang='lat' dir='ltr'><strong>armigeri</strong></span> <span class='ocrx_word' id='word_1_36' title='bbox 533 998 651 1081; x_wconf 89' lang='lat' dir='ltr'><strong>raptim</strong></span> <span class='ocrx_word' id='word_1_37' title='bbox 674 997 708 1061; x_wconf 92' lang='lat' dir='ltr'><strong>in</strong></span> <span class='ocrx_word' id='word_1_38' title='bbox 736 1000 842 1061; x_wconf 88' lang='lat' dir='ltr'><strong>castra</strong></span> <span class='ocrx_word' id='word_1_39' title='bbox 864 996 1045 1062; x_wconf 80' lang='lat' dir='ltr'><strong>referebant</strong></span> <span class='ocrx_word' id='word_1_40' title='bbox 1068 996 1274 1062; x_wconf 88' lang='lat' dir='ltr'><strong>iactationem</strong></span> 
     </span>
     <span class='ocr_line' id='line_1_7' title="bbox 255 1084 1315 1153; baseline 0.004 -4"><span class='ocrx_word' id='word_1_41' title='bbox 255 1086 424 1151; x_wconf 86' lang='lat' dir='ltr'><strong>vulnerum</strong></span> <span class='ocrx_word' id='word_1_42' title='bbox 448 1087 534 1150; x_wconf 88' lang='lat' dir='ltr'><strong>haud</strong></span> <span class='ocrx_word' id='word_1_43' title='bbox 557 1087 652 1151; x_wconf 86' lang='lat' dir='ltr'><strong>facile</strong></span> <span class='ocrx_word' id='word_1_44' title='bbox 675 1088 875 1151; x_wconf 71' lang='lat' dir='ltr'><strong>tolerantem.</strong></span> <span class='ocrx_word' id='word_1_45' title='bbox 912 1084 989 1150; x_wconf 89' lang='lat' dir='ltr'><strong>Non</strong></span> <span class='ocrx_word' id='word_1_46' title='bbox 1012 1088 1120 1151; x_wconf 90' lang='lat' dir='ltr'><strong>tamen</strong></span> <span class='ocrx_word' id='word_1_47' title='bbox 1144 1088 1279 1151; x_wconf 89' lang='lat' dir='ltr'><strong>omisere</strong></span> <span class='ocrx_word' id='word_1_48' title='bbox 1299 1106 1315 1153; x_wconf 84' lang='lat'><strong>6</strong></span> 
     </span>
     <span class='ocr_line' id='line_1_8' title="bbox 255 1174 1277 1261; baseline 0 -22"><span class='ocrx_word' id='word_1_49' title='bbox 255 1175 501 1239; x_wconf 90' lang='lat' dir='ltr'><strong>Lacedaemonii</strong></span> <span class='ocrx_word' id='word_1_50' title='bbox 523 1198 666 1261; x_wconf 88' lang='lat' dir='ltr'><strong>pugnam</strong></span> <span class='ocrx_word' id='word_1_51' title='bbox 690 1179 735 1259; x_wconf 92' lang='lat' dir='ltr'><strong>et,</strong></span> <span class='ocrx_word' id='word_1_52' title='bbox 758 1179 795 1240; x_wconf 93' lang='lat' dir='ltr'><strong>ut</strong></span> <span class='ocrx_word' id='word_1_53' title='bbox 817 1175 960 1259; x_wconf 92' lang='lat' dir='ltr'><strong>primum</strong></span> <span class='ocrx_word' id='word_1_54' title='bbox 983 1175 1046 1239; x_wconf 88' lang='lat' dir='ltr'><strong>sibi</strong></span> <span class='ocrx_word' id='word_1_55' title='bbox 1069 1196 1166 1258; x_wconf 91' lang='lat' dir='ltr'><strong>quam</strong></span> <span class='ocrx_word' id='word_1_56' title='bbox 1189 1174 1277 1240; x_wconf 91' lang='lat' dir='ltr'><strong>hosti</strong></span> 
     </span>
     <span class='ocr_line' id='line_1_9' title="bbox 256 1264 1281 1349; baseline 0 -22"><span class='ocrx_word' id='word_1_57' title='bbox 256 1265 443 1348; x_wconf 85' lang='lat' dir='ltr'><strong>aequiorum</strong></span> <span class='ocrx_word' id='word_1_58' title='bbox 465 1264 574 1329; x_wconf 90' lang='lat' dir='ltr'><strong>locum</strong></span> <span class='ocrx_word' id='word_1_59' title='bbox 599 1286 710 1349; x_wconf 88' lang='lat' dir='ltr'><strong>capere</strong></span> <span class='ocrx_word' id='word_1_60' title='bbox 732 1267 919 1348; x_wconf 90' lang='lat' dir='ltr'><strong>potuerunt,</strong></span> <span class='ocrx_word' id='word_1_61' title='bbox 944 1264 1087 1330; x_wconf 87' lang='lat' dir='ltr'><strong>densatis</strong></span> <span class='ocrx_word' id='word_1_62' title='bbox 1111 1264 1281 1328; x_wconf 91' lang='lat' dir='ltr'><strong>ordinibus</strong></span> 
     </span>
     <span class='ocr_line' id='line_1_10' title="bbox 255 1352 1313 1438; baseline 0.003 -22"><span class='ocrx_word' id='word_1_63' title='bbox 255 1354 354 1417; x_wconf 89' lang='lat' dir='ltr'><strong>effuse</strong></span> <span class='ocrx_word' id='word_1_64' title='bbox 378 1354 531 1418; x_wconf 88' lang='lat' dir='ltr'><strong>fluentem</strong></span> <span class='ocrx_word' id='word_1_65' title='bbox 558 1355 590 1416; x_wconf 93' lang='lat' dir='ltr'><strong>in</strong></span> <span class='ocrx_word' id='word_1_66' title='bbox 620 1375 654 1417; x_wconf 89' lang='lat' dir='ltr'><strong>se</strong></span> <span class='ocrx_word' id='word_1_67' title='bbox 682 1353 784 1418; x_wconf 86' lang='lat' dir='ltr'><strong>aciem</strong></span> <span class='ocrx_word' id='word_1_68' title='bbox 808 1373 968 1438; x_wconf 88' lang='lat' dir='ltr'><strong>excepere.</strong></span> <span class='ocrx_word' id='word_1_69' title='bbox 1005 1352 1081 1419; x_wconf 89' lang='lat' dir='ltr'><strong>Non</strong></span> <span class='ocrx_word' id='word_1_70' title='bbox 1105 1353 1192 1417; x_wconf 89' lang='lat' dir='ltr'><strong>aliud</strong></span> <span class='ocrx_word' id='word_1_71' title='bbox 1216 1353 1278 1417; x_wconf 90' lang='lat' dir='ltr'><strong>dis·</strong></span> <span class='ocrx_word' id='word_1_72' title='bbox 1299 1373 1313 1419; x_wconf 83' lang='grc'><strong>1</strong></span> 
     </span>
     <span class='ocr_line' id='line_1_11' title="bbox 216 1442 1278 1527; baseline -0.003 -18"><span class='ocrx_word' id='word_1_73' title='bbox 216 1472 241 1509; x_wconf 83' lang='lat' dir='ltr'><strong>ro</strong></span> <span class='ocrx_word' id='word_1_74' title='bbox 256 1443 377 1506; x_wconf 80' lang='lat' dir='ltr'><strong>crimen</strong></span> <span class='ocrx_word' id='word_1_75' title='bbox 413 1442 635 1506; x_wconf 85' lang='lat' dir='ltr'><strong>vehementius</strong></span> <span class='ocrx_word' id='word_1_76' title='bbox 667 1444 768 1506; x_wconf 88' lang='lat' dir='ltr'><strong>fuisse</strong></span> <span class='ocrx_word' id='word_1_77' title='bbox 809 1442 982 1507; x_wconf 82' lang='lat' dir='ltr'><strong>memoriae</strong></span> <span class='ocrx_word' id='word_1_78' title='bbox 1019 1442 1184 1527; x_wconf 90' lang='lat' dir='ltr'><strong>proditum</strong></span> <span class='ocrx_word' id='word_1_79' title='bbox 1222 1446 1278 1507; x_wconf 89' lang='lat' dir='ltr'><strong>est.</strong></span> 
     </span>
     <span class='ocr_line' id='line_1_12' title="bbox 256 1525 1280 1617; baseline 0.001 -23"><span class='ocrx_word' id='word_1_80' title='bbox 256 1531 402 1596; x_wconf 88' lang='lat' dir='ltr'><strong>Duarum</strong></span> <span class='ocrx_word' id='word_1_81' title='bbox 429 1532 706 1596; x_wconf 87' lang='lat' dir='ltr'><strong>nobilissimarum</strong></span> <span class='ocrx_word' id='word_1_82' title='bbox 736 1532 823 1595; x_wconf 93' lang='lat' dir='ltr'><strong>bello</strong></span> <span class='ocrx_word' id='word_1_83' title='bbox 853 1532 999 1617; x_wconf 90' lang='lat' dir='ltr'><strong>gentium</strong></span> <span class='ocrx_word' id='word_1_84' title='bbox 1027 1525 1186 1597; x_wconf 78' lang='lat' dir='ltr'><strong>exercitus</strong></span> <span class='ocrx_word' id='word_1_85' title='bbox 1210 1531 1280 1615; x_wconf 88' lang='lat' dir='ltr'><strong>pari</strong></span> 
     </span>
     <span class='ocr_line' id='line_1_13' title="bbox 255 1619 1315 1706; baseline 0.001 -23"><span class='ocrx_word' id='word_1_86' title='bbox 255 1620 359 1684; x_wconf 92' lang='lat' dir='ltr'><strong>Marte</strong></span> <span class='ocrx_word' id='word_1_87' title='bbox 396 1620 601 1706; x_wconf 84' lang='lat' dir='ltr'><strong>pugnabant:</strong></span> <span class='ocrx_word' id='word_1_88' title='bbox 645 1620 893 1685; x_wconf 91' lang='lat' dir='ltr'><strong>Lacedaemonii</strong></span> <span class='ocrx_word' id='word_1_89' title='bbox 930 1624 1051 1705; x_wconf 86' lang='lat' dir='ltr'><strong>vetera,</strong></span> <span class='ocrx_word' id='word_1_90' title='bbox 1088 1619 1315 1685; x_wconf 63' lang='lat' dir='ltr'><strong>Macedonem</strong></span> 
     </span>
     <span class='ocr_line' id='line_1_14' title="bbox 255 1710 1278 1794; baseline 0.001 -22"><span class='ocrx_word' id='word_1_91' title='bbox 255 1710 438 1793; x_wconf 87' lang='lat' dir='ltr'><strong>praesentia</strong></span> <span class='ocrx_word' id='word_1_92' title='bbox 452 1711 566 1774; x_wconf 90' lang='lat' dir='ltr'><strong>decora</strong></span> <span class='ocrx_word' id='word_1_93' title='bbox 589 1710 807 1792; x_wconf 88' lang='lat' dir='ltr'><strong>intuebantur,</strong></span> <span class='ocrx_word' id='word_1_94' title='bbox 830 1710 879 1774; x_wconf 84' lang='grc'><strong>’1111</strong></span> <span class='ocrx_word' id='word_1_95' title='bbox 898 1731 957 1794; x_wconf 91' lang='lat' dir='ltr'><strong>pro</strong></span> <span class='ocrx_word' id='word_1_96' title='bbox 979 1710 1140 1793; x_wconf 89' lang='lat' dir='ltr'><strong>libertate,</strong></span> <span class='ocrx_word' id='word_1_97' title='bbox 1161 1710 1196 1774; x_wconf 93' lang='lat' dir='ltr'><strong>hi</strong></span> <span class='ocrx_word' id='word_1_98' title='bbox 1219 1731 1278 1793; x_wconf 94' lang='lat' dir='ltr'><strong>pro</strong></span> 
     </span>
     <span class='ocr_line' id='line_1_15' title="bbox 256 1798 1282 1885; baseline 0 -24"><span class='ocrx_word' id='word_1_99' title='bbox 256 1798 475 1863; x_wconf 88' lang='lat' dir='ltr'><strong>dominatione</strong></span> <span class='ocrx_word' id='word_1_100' title='bbox 498 1800 696 1885; x_wconf 80' lang='lat' dir='ltr'><strong>pugnabant,</strong></span> <span class='ocrx_word' id='word_1_101' title='bbox 714 1799 978 1863; x_wconf 79' lang='lat' dir='ltr'><strong>Lacedaemoniis</strong></span> <span class='ocrx_word' id='word_1_102' title='bbox 1002 1798 1081 1883; x_wconf 86' lang='lat' dir='ltr'><strong>dux,</strong></span> <span class='ocrx_word' id='word_1_103' title='bbox 1099 1798 1282 1863; x_wconf 91' lang='lat' dir='ltr'><strong>Macedoni·</strong></span> 
     </span>
     <span class='ocr_line' id='line_1_16' title="bbox 193 1888 1315 1972; baseline -0.004 -17"><span class='ocrx_word' id='word_1_104' title='bbox 193 1916 240 1972; x_wconf 72' lang='grc' dir='ltr'><strong>Ι15</strong></span> <span class='ocrx_word' id='word_1_105' title='bbox 256 1889 317 1951; x_wconf 90' lang='lat' dir='ltr'><strong>bus</strong></span> <span class='ocrx_word' id='word_1_106' title='bbox 349 1890 439 1952; x_wconf 89' lang='lat' dir='ltr'><strong>locus</strong></span> <span class='ocrx_word' id='word_1_107' title='bbox 471 1889 587 1953; x_wconf 90' lang='lat' dir='ltr'><strong>deerat.</strong></span> <span class='ocrx_word' id='word_1_108' title='bbox 633 1889 707 1953; x_wconf 92' lang='lat' dir='ltr'><strong>Diei</strong></span> <span class='ocrx_word' id='word_1_109' title='bbox 730 1910 859 1972; x_wconf 87' lang='lat' dir='ltr'><strong>quoque</strong></span> <span class='ocrx_word' id='word_1_110' title='bbox 888 1889 984 1953; x_wconf 90' lang='lat' dir='ltr'><strong>unius</strong></span> <span class='ocrx_word' id='word_1_111' title='bbox 1013 1891 1079 1953; x_wconf 88' lang='lat' dir='ltr'><strong>tam</strong></span> <span class='ocrx_word' id='word_1_112' title='bbox 1108 1888 1315 1971; x_wconf 80' lang='lat' dir='ltr'><strong>multiplexa</strong></span> 
     </span>
     <span class='ocr_line' id='line_1_17' title="bbox 256 1977 1282 2063; baseline 0 -22"><span class='ocrx_word' id='word_1_113' title='bbox 256 1998 349 2041; x_wconf 86' lang='lat' dir='ltr'><strong>casus</strong></span> <span class='ocrx_word' id='word_1_114' title='bbox 372 1977 468 2041; x_wconf 92' lang='lat' dir='ltr'><strong>modo</strong></span> <span class='ocrx_word' id='word_1_115' title='bbox 493 1998 593 2060; x_wconf 90' lang='lat' dir='ltr'><strong>spem,</strong></span> <span class='ocrx_word' id='word_1_116' title='bbox 615 1977 712 2041; x_wconf 90' lang='lat' dir='ltr'><strong>modo</strong></span> <span class='ocrx_word' id='word_1_117' title='bbox 732 1981 854 2041; x_wconf 91' lang='lat' dir='ltr'><strong>metum</strong></span> <span class='ocrx_word' id='word_1_118' title='bbox 873 1977 1164 2062; x_wconf 87' lang='lat' dir='ltr'><strong>utriusquepartis</strong></span> <span class='ocrx_word' id='word_1_119' title='bbox 1187 1998 1282 2063; x_wconf 77' lang='lat' dir='ltr'><strong>auge</strong></span> 
     </span>
     <span class='ocr_line' id='line_1_18' title="bbox 257 2065 1281 2131; baseline 0.001 -3"><span class='ocrx_word' id='word_1_120' title='bbox 257 2066 313 2129; x_wconf 88' lang='lat' dir='ltr'><strong>bat</strong></span> <span class='ocrx_word' id='word_1_121' title='bbox 336 2068 424 2131; x_wconf 83' lang='lat' dir='ltr'><strong>velut</strong></span> <span class='ocrx_word' id='word_1_122' title='bbox 448 2065 487 2130; x_wconf 91' lang='lat' dir='ltr'><strong>de</strong></span> <span class='ocrx_word' id='word_1_123' title='bbox 511 2066 669 2131; x_wconf 88' lang='lat' dir='ltr'><strong>industria</strong></span> <span class='ocrx_word' id='word_1_124' title='bbox 692 2065 777 2131; x_wconf 90' lang='lat' dir='ltr'><strong>inter</strong></span> <span class='ocrx_word' id='word_1_125' title='bbox 791 2066 987 2131; x_wconf 86' lang='lat' dir='ltr'><strong>fortissimos</strong></span> <span class='ocrx_word' id='word_1_126' title='bbox 1009 2066 1097 2130; x_wconf 88' lang='lat' dir='ltr'><strong>viros</strong></span> <span class='ocrx_word' id='word_1_127' title='bbox 1121 2069 1281 2131; x_wconf 89' lang='lat' dir='ltr'><strong>certamen</strong></span> 
     </span>
     <span class='ocr_line' id='line_1_19' title="bbox 257 2153 1336 2243; baseline 0 -25"><span class='ocrx_word' id='word_1_128' title='bbox 257 2159 413 2239; x_wconf 88' lang='lat' dir='ltr'><strong>aequante</strong></span> <span class='ocrx_word' id='word_1_129' title='bbox 437 2156 575 2219; x_wconf 86' lang='lat' dir='ltr'><strong>fortuna.</strong></span> <span class='ocrx_word' id='word_1_130' title='bbox 600 2153 749 2221; x_wconf 83' lang='lat' dir='ltr'><strong>Ceterum</strong></span> <span class='ocrx_word' id='word_1_131' title='bbox 773 2156 943 2243; x_wconf 88' lang='lat' dir='ltr'><strong>angustiae</strong></span> <span class='ocrx_word' id='word_1_132' title='bbox 966 2155 1039 2241; x_wconf 88' lang='lat' dir='ltr'><strong>loci,</strong></span> <span class='ocrx_word' id='word_1_133' title='bbox 1061 2157 1095 2221; x_wconf 90' lang='lat' dir='ltr'><strong>in</strong></span> <span class='ocrx_word' id='word_1_134' title='bbox 1120 2177 1184 2239; x_wconf 91' lang='lat' dir='ltr'><strong>quo</strong></span> <span class='ocrx_word' id='word_1_135' title='bbox 1207 2155 1281 2218; x_wconf 80' lang='lat' dir='ltr'><strong>hae</strong></span> <span class='ocrx_word' id='word_1_136' title='bbox 1302 2171 1336 2219; x_wconf 86' lang='lat'><strong>10</strong></span> 
     </span>
     <span class='ocr_line' id='line_1_20' title="bbox 257 2244 1281 2331; baseline 0.001 -24"><span class='ocrx_word' id='word_1_137' title='bbox 257 2249 342 2308; x_wconf 89' lang='lat' dir='ltr'><strong>serat</strong></span> <span class='ocrx_word' id='word_1_138' title='bbox 378 2267 504 2330; x_wconf 87' lang='lat' dir='ltr'><strong>pugna,</strong></span> <span class='ocrx_word' id='word_1_139' title='bbox 540 2267 606 2308; x_wconf 93' lang='lat' dir='ltr'><strong>non</strong></span> <span class='ocrx_word' id='word_1_140' title='bbox 639 2245 847 2329; x_wconf 80' lang='lat' dir='ltr'><strong>patiebantur</strong></span> <span class='ocrx_word' id='word_1_141' title='bbox 879 2245 958 2310; x_wconf 91' lang='lat' dir='ltr'><strong>totis</strong></span> <span class='ocrx_word' id='word_1_142' title='bbox 991 2244 1116 2331; x_wconf 88' lang='lat' dir='ltr'><strong>ingredi</strong></span> <span class='ocrx_word' id='word_1_143' title='bbox 1145 2245 1281 2308; x_wconf 85' lang='lat' dir='ltr'><strong>viribus:</strong></span> 
     </span>
     <span class='ocr_line' id='line_1_21' title="bbox 212 2334 1282 2419; baseline -0.002 -19"><span class='ocrx_word' id='word_1_144' title='bbox 212 2353 242 2400; x_wconf 84' lang='lat' dir='ltr'><strong>&#39;ro</strong></span> <span class='ocrx_word' id='word_1_145' title='bbox 257 2334 446 2417; x_wconf 77' lang='lat' dir='ltr'><strong>spectabant</strong></span> <span class='ocrx_word' id='word_1_146' title='bbox 475 2356 552 2419; x_wconf 86' lang='lat' dir='ltr'><strong>ergo</strong></span> <span class='ocrx_word' id='word_1_147' title='bbox 581 2336 707 2418; x_wconf 90' lang='lat' dir='ltr'><strong>plures,</strong></span> <span class='ocrx_word' id='word_1_148' title='bbox 739 2356 837 2417; x_wconf 88' lang='lat' dir='ltr'><strong>quam</strong></span> <span class='ocrx_word' id='word_1_149' title='bbox 865 2334 1006 2398; x_wconf 88' lang='lat' dir='ltr'><strong>inierant</strong></span> <span class='ocrx_word' id='word_1_150' title='bbox 1036 2334 1211 2418; x_wconf 86' lang='lat' dir='ltr'><strong>proelium,</strong></span> <span class='ocrx_word' id='word_1_151' title='bbox 1241 2336 1282 2416; x_wconf 88' lang='lat' dir='ltr'><strong>et,</strong></span> 
     </span>
     <span class='ocr_line' id='line_1_22' title="bbox 257 2423 1282 2506; baseline 0.001 -20"><span class='ocrx_word' id='word_1_152' title='bbox 257 2424 314 2504; x_wconf 92' lang='lat' dir='ltr'><strong>qui</strong></span> <span class='ocrx_word' id='word_1_153' title='bbox 344 2427 435 2486; x_wconf 82' lang='lat' dir='ltr'><strong>extra</strong></span> <span class='ocrx_word' id='word_1_154' title='bbox 464 2423 522 2486; x_wconf 89' lang='lat' dir='ltr'><strong>teli</strong></span> <span class='ocrx_word' id='word_1_155' title='bbox 555 2423 675 2488; x_wconf 88' lang='lat' dir='ltr'><strong>iactum</strong></span> <span class='ocrx_word' id='word_1_156' title='bbox 709 2426 817 2506; x_wconf 90' lang='lat' dir='ltr'><strong>erant,</strong></span> <span class='ocrx_word' id='word_1_157' title='bbox 853 2424 994 2488; x_wconf 91' lang='lat' dir='ltr'><strong>clamore</strong></span> <span class='ocrx_word' id='word_1_158' title='bbox 1030 2423 1168 2489; x_wconf 84' lang='lat' dir='ltr'><strong>invicem</strong></span> <span class='ocrx_word' id='word_1_159' title='bbox 1206 2443 1282 2487; x_wconf 86' lang='lat' dir='ltr'><strong>suos</strong></span> 
     </span>
     <span class='ocr_line' id='line_1_23' title="bbox 222 2511 1333 2597; baseline 0.002 -24"><span class='ocrx_word' id='word_1_160' title='bbox 222 2512 479 2575; x_wconf 66' lang='lat' dir='ltr'><strong>taccendebant.</strong></span> <span class='ocrx_word' id='word_1_161' title='bbox 513 2511 656 2576; x_wconf 84' lang='lat' dir='ltr'><strong>Tandem</strong></span> <span class='ocrx_word' id='word_1_162' title='bbox 692 2512 857 2576; x_wconf 87' lang='lat' dir='ltr'><strong>Laconum</strong></span> <span class='ocrx_word' id='word_1_163' title='bbox 889 2513 974 2577; x_wconf 88' lang='lat' dir='ltr'><strong>acies</strong></span> <span class='ocrx_word' id='word_1_164' title='bbox 1001 2513 1207 2597; x_wconf 76' lang='lat' dir='ltr'><strong>languescere</strong></span> <span class='ocrx_word' id='word_1_165' title='bbox 1233 2513 1282 2576; x_wconf 94' lang='lat' dir='ltr'><strong>lu·</strong></span> <span class='ocrx_word' id='word_1_166' title='bbox 1302 2528 1333 2576; x_wconf 89' lang='grc'><strong>11</strong></span> 
     </span>
     <span class='ocr_line' id='line_1_24' title="bbox 257 2600 1282 2686; baseline 0 -23"><span class='ocrx_word' id='word_1_167' title='bbox 257 2601 346 2664; x_wconf 87' lang='lat' dir='ltr'><strong>brica</strong></span> <span class='ocrx_word' id='word_1_168' title='bbox 364 2624 452 2665; x_wconf 88' lang='lat' dir='ltr'><strong>arma</strong></span> <span class='ocrx_word' id='word_1_169' title='bbox 476 2601 592 2665; x_wconf 90' lang='lat' dir='ltr'><strong>sudore</strong></span> <span class='ocrx_word' id='word_1_170' title='bbox 615 2601 669 2664; x_wconf 85' lang='lat' dir='ltr'><strong>vix</strong></span> <span class='ocrx_word' id='word_1_171' title='bbox 693 2601 865 2683; x_wconf 88' lang='lat' dir='ltr'><strong>sustinens,</strong></span> <span class='ocrx_word' id='word_1_172' title='bbox 890 2600 1005 2686; x_wconf 93' lang='lat' dir='ltr'><strong>pedem</strong></span> <span class='ocrx_word' id='word_1_173' title='bbox 1025 2601 1139 2666; x_wconf 90' lang='lat' dir='ltr'><strong>deinde</strong></span> <span class='ocrx_word' id='word_1_174' title='bbox 1163 2602 1282 2665; x_wconf 82' lang='lat' dir='ltr'><strong>referre</strong></span> 
     </span>
     <span class='ocr_line' id='line_1_25' title="bbox 257 2690 1336 2776; baseline 0 -23"><span class='ocrx_word' id='word_1_175' title='bbox 257 2691 372 2774; x_wconf 85' lang='lat' dir='ltr'><strong>eoepit.</strong></span> <span class='ocrx_word' id='word_1_176' title='bbox 401 2690 447 2754; x_wconf 89' lang='lat' dir='ltr'><strong>Ut</strong></span> <span class='ocrx_word' id='word_1_177' title='bbox 470 2694 605 2776; x_wconf 88' lang='lat' dir='ltr'><strong>urgente</strong></span> <span class='ocrx_word' id='word_1_178' title='bbox 628 2691 722 2754; x_wconf 89' lang='lat' dir='ltr'><strong>hoste</strong></span> <span class='ocrx_word' id='word_1_179' title='bbox 745 2690 888 2774; x_wconf 85' lang='lat' dir='ltr'><strong>apertius</strong></span> <span class='ocrx_word' id='word_1_180' title='bbox 907 2691 1029 2776; x_wconf 78' lang='lat' dir='ltr'><strong>fugere,</strong></span> <span class='ocrx_word' id='word_1_181' title='bbox 1051 2690 1283 2774; x_wconf 88' lang='lat' dir='ltr'><strong>insequebatur</strong></span> <span class='ocrx_word' id='word_1_182' title='bbox 1302 2705 1336 2753; x_wconf 84' lang='grc'><strong>12</strong></span> 
     </span>
     <span class='ocr_line' id='line_1_26' title="bbox 216 2777 1327 2864; baseline -0.007 -19"><span class='ocrx_word' id='word_1_183' title='bbox 216 2806 242 2845; x_wconf 77' lang='lat' dir='ltr'><strong>aa</strong></span> <span class='ocrx_word' id='word_1_184' title='bbox 258 2779 431 2864; x_wconf 89' lang='lat' dir='ltr'><strong>dissipatos</strong></span> <span class='ocrx_word' id='word_1_185' title='bbox 456 2780 559 2843; x_wconf 89' lang='lat' dir='ltr'><strong>victor</strong></span> <span class='ocrx_word' id='word_1_186' title='bbox 579 2783 611 2842; x_wconf 87' lang='lat' dir='ltr'><strong>et</strong></span> <span class='ocrx_word' id='word_1_187' title='bbox 625 2800 773 2844; x_wconf 89' lang='lat' dir='ltr'><strong>emensus</strong></span> <span class='ocrx_word' id='word_1_188' title='bbox 792 2800 887 2844; x_wconf 89' lang='lat' dir='ltr'><strong>cursu</strong></span> <span class='ocrx_word' id='word_1_189' title='bbox 912 2800 1007 2843; x_wconf 89' lang='lat' dir='ltr'><strong>omne</strong></span> <span class='ocrx_word' id='word_1_190' title='bbox 1021 2779 1172 2863; x_wconf 89' lang='lat' dir='ltr'><strong>spatium,</strong></span> <span class='ocrx_word' id='word_1_191' title='bbox 1196 2777 1284 2862; x_wconf 90' lang='lat' dir='ltr'><strong>quod</strong></span> <span class='ocrx_word' id='word_1_192' title='bbox 1326 2832 1327 2837; x_wconf 73' lang='grc'>,</span> 
     </span>
     <span class='ocr_line' id='line_1_27' title="bbox 258 2865 1281 2953; baseline -0.001 -21"><span class='ocrx_word' id='word_1_193' title='bbox 258 2868 342 2932; x_wconf 88' lang='lat' dir='ltr'><strong>acies</strong></span> <span class='ocrx_word' id='word_1_194' title='bbox 365 2868 531 2933; x_wconf 91' lang='lat' dir='ltr'><strong>Laconum</strong></span> <span class='ocrx_word' id='word_1_195' title='bbox 556 2869 754 2950; x_wconf 90' lang='lat' dir='ltr'><strong>obtinuerat,</strong></span> <span class='ocrx_word' id='word_1_196' title='bbox 778 2868 886 2952; x_wconf 87' lang='lat' dir='ltr'><strong>ipsum</strong></span> <span class='ocrx_word' id='word_1_197' title='bbox 909 2865 997 2953; x_wconf 87' lang='lat' dir='ltr'><strong>Agin</strong></span> <span class='ocrx_word' id='word_1_198' title='bbox 1020 2867 1281 2952; x_wconf 83' lang='lat' dir='ltr'><strong>persequebatur.</strong></span> 
     </span>
     <span class='ocr_line' id='line_1_28' title="bbox 257 2955 1338 3043; baseline 0 -22"><span class='ocrx_word' id='word_1_199' title='bbox 257 2957 316 3021; x_wconf 89' lang='lat' dir='ltr'><strong>Ille</strong></span> <span class='ocrx_word' id='word_1_200' title='bbox 339 2962 376 3021; x_wconf 94' lang='lat' dir='ltr'><strong>ut</strong></span> <span class='ocrx_word' id='word_1_201' title='bbox 399 2958 510 3043; x_wconf 80' lang='lat' dir='ltr'><strong>fugam</strong></span> <span class='ocrx_word' id='word_1_202' title='bbox 534 2979 666 3023; x_wconf 87' lang='lat' dir='ltr'><strong>suorum</strong></span> <span class='ocrx_word' id='word_1_203' title='bbox 690 2961 722 3021; x_wconf 93' lang='lat' dir='ltr'><strong>et</strong></span> <span class='ocrx_word' id='word_1_204' title='bbox 748 2958 914 3041; x_wconf 86' lang='lat' dir='ltr'><strong>proximos</strong></span> <span class='ocrx_word' id='word_1_205' title='bbox 936 2955 1081 3022; x_wconf 89' lang='lat' dir='ltr'><strong>hostium</strong></span> <span class='ocrx_word' id='word_1_206' title='bbox 1106 2957 1282 3041; x_wconf 85' lang='lat' dir='ltr'><strong>conspexit,</strong></span> <span class='ocrx_word' id='word_1_207' title='bbox 1303 2972 1338 3021; x_wconf 76' lang='lat'><strong>13</strong></span> 
     </span>
     <span class='ocr_line' id='line_1_29' title="bbox 258 3045 1281 3130; baseline 0 -21"><span class='ocrx_word' id='word_1_208' title='bbox 258 3047 375 3130; x_wconf 91' lang='lat' dir='ltr'><strong>deponi</strong></span> <span class='ocrx_word' id='word_1_209' title='bbox 404 3070 437 3111; x_wconf 88' lang='lat' dir='ltr'><strong>se</strong></span> <span class='ocrx_word' id='word_1_210' title='bbox 470 3047 581 3110; x_wconf 91' lang='lat' dir='ltr'><strong>iussit:</strong></span> <span class='ocrx_word' id='word_1_211' title='bbox 614 3050 830 3130; x_wconf 84' lang='lat' dir='ltr'><strong>expertusque</strong></span> <span class='ocrx_word' id='word_1_212' title='bbox 862 3046 1020 3130; x_wconf 90' lang='lat' dir='ltr'><strong>membra,</strong></span> <span class='ocrx_word' id='word_1_213' title='bbox 1050 3068 1092 3109; x_wconf 88' lang='lat' dir='ltr'><strong>an</strong></span> <span class='ocrx_word' id='word_1_214' title='bbox 1122 3045 1281 3129; x_wconf 90' lang='lat' dir='ltr'><strong>impetum</strong></span> 
     </span>
    </p>
   </div>
   <div class='ocr_carea' id='block_1_3' title="bbox 257 3218 1284 3933">
    <p class='ocr_par' dir='ltr' id='par_1_3' title="bbox 257 3218 1284 3933">
     <span class='ocr_line' id='line_1_30' title="bbox 333 3218 1281 3345; baseline -0.001 -72"><span class='ocrx_word' id='word_1_215' title='bbox 333 3231 344 3273; x_wconf 92' lang='grc'><strong>1</strong></span> <span class='ocrx_word' id='word_1_216' title='bbox 365 3222 543 3345; x_wconf 67' lang='lat' dir='ltr'><strong>petebatur]l</strong></span> <span class='ocrx_word' id='word_1_217' title='bbox 551 3222 705 3291; x_wconf 86' lang='lat' dir='ltr'><strong>patebatur</strong></span> <span class='ocrx_word' id='word_1_218' title='bbox 728 3226 797 3275; x_wconf 78' lang='lat' dir='ltr'><strong>Bru.</strong></span> <span class='ocrx_word' id='word_1_219' title='bbox 808 3239 854 3291; x_wconf 81' lang='lat' dir='ltr'><strong>pr.</strong></span> <span class='ocrx_word' id='word_1_220' title='bbox 869 3227 890 3273; x_wconf 77' lang='grc' dir='ltr'><strong>Ρ</strong></span> <span class='ocrx_word' id='word_1_221' title='bbox 903 3240 938 3276; x_wconf 88' lang='lat' dir='ltr'><strong>m.</strong></span> <span class='ocrx_word' id='word_1_222' title='bbox 949 3239 995 3290; x_wconf 82' lang='lat' dir='ltr'><strong>pr.</strong></span> <span class='ocrx_word' id='word_1_223' title='bbox 1105 3224 1120 3272; x_wconf 88' lang='grc'>2</span> <span class='ocrx_word' id='word_1_224' title='bbox 1145 3218 1236 3289; x_wconf 87' lang='lat' dir='ltr'><strong>clipeo</strong></span> <span class='ocrx_word' id='word_1_225' title='bbox 1255 3226 1281 3272; x_wconf 90' lang='lat'><strong>1:</strong></span> 
     </span>
     <span class='ocr_line' id='line_1_31' title="bbox 259 3290 1283 3373; baseline 0 -27"><span class='ocrx_word' id='word_1_226' title='bbox 259 3292 357 3362; x_wconf 80' lang='lat' dir='ltr'><strong>clypeo</strong></span> <span class='ocrx_word' id='word_1_227' title='bbox 377 3298 486 3359; x_wconf 70' lang='grc' dir='ltr'><strong>ΗΠ,</strong></span> <span class='ocrx_word' id='word_1_228' title='bbox 506 3293 618 3363; x_wconf 89' lang='lat' dir='ltr'><strong>c&#39;ppeo</strong></span> <span class='ocrx_word' id='word_1_229' title='bbox 632 3298 660 3345; x_wconf 79' lang='lat' dir='ltr'><strong>L.</strong></span> <span class='ocrx_word' id='word_1_230' title='bbox 735 3293 865 3365; x_wconf 70' lang='lat' dir='ltr'><strong>abacta]</strong></span> <span class='ocrx_word' id='word_1_231' title='bbox 885 3295 947 3347; x_wconf 83' lang='lat' dir='ltr'><strong>asta</strong></span> <span class='ocrx_word' id='word_1_232' title='bbox 961 3298 1014 3345; x_wconf 66' lang='grc' dir='ltr'><strong>ΒΡ.</strong></span> <span class='ocrx_word' id='word_1_233' title='bbox 1086 3291 1207 3373; x_wconf 81' lang='lat' dir='ltr'><strong>femina]</strong></span> <span class='ocrx_word' id='word_1_234' title='bbox 1224 3290 1283 3346; x_wconf 82' lang='lat' dir='ltr'><strong>fas-</strong></span> 
     </span>
     <span class='ocr_line' id='line_1_32' title="bbox 257 3362 1283 3434; baseline 0.001 -18"><span class='ocrx_word' id='word_1_235' title='bbox 257 3365 335 3417; x_wconf 90' lang='lat' dir='ltr'><strong>mina</strong></span> <span class='ocrx_word' id='word_1_236' title='bbox 353 3370 381 3418; x_wconf 75' lang='grc' dir='ltr'><strong>Ρ.</strong></span> <span class='ocrx_word' id='word_1_237' title='bbox 437 3371 454 3416; x_wconf 79' lang='grc'>4</span> <span class='ocrx_word' id='word_1_238' title='bbox 473 3364 565 3433; x_wconf 87' lang='lat' dir='ltr'><strong>clipeo</strong></span> <span class='ocrx_word' id='word_1_239' title='bbox 584 3370 610 3418; x_wconf 90' lang='lat'><strong>1:</strong></span> <span class='ocrx_word' id='word_1_240' title='bbox 630 3363 729 3433; x_wconf 80' lang='lat' dir='ltr'><strong>clypeo</strong></span> <span class='ocrx_word' id='word_1_241' title='bbox 749 3369 862 3429; x_wconf 72' lang='lat' dir='ltr'><strong>BFPV,</strong></span> <span class='ocrx_word' id='word_1_242' title='bbox 882 3363 993 3433; x_wconf 87' lang='lat' dir='ltr'><strong>clippeo</strong></span> <span class='ocrx_word' id='word_1_243' title='bbox 1012 3368 1039 3417; x_wconf 75' lang='grc' dir='ltr'><strong>Ι..</strong></span> <span class='ocrx_word' id='word_1_244' title='bbox 1103 3370 1118 3417; x_wconf 78' lang='grc' dir='ltr'>ὅ</span> <span class='ocrx_word' id='word_1_245' title='bbox 1139 3362 1283 3434; x_wconf 82' lang='lat' dir='ltr'><strong>armigeri]</strong></span> 
     </span>
     <span class='ocr_line' id='line_1_33' title="bbox 260 3433 1282 3507; baseline -0.001 -19"><span class='ocrx_word' id='word_1_246' title='bbox 260 3436 400 3505; x_wconf 86' lang='lat' dir='ltr'><strong>armageri</strong></span> <span class='ocrx_word' id='word_1_247' title='bbox 418 3442 487 3491; x_wconf 84' lang='lat' dir='ltr'><strong>l’m.</strong></span> <span class='ocrx_word' id='word_1_248' title='bbox 499 3454 545 3505; x_wconf 80' lang='lat' dir='ltr'><strong>pr.</strong></span> <span class='ocrx_word' id='word_1_249' title='bbox 638 3435 762 3507; x_wconf 79' lang='lat' dir='ltr'><strong>thaad]</strong></span> <span class='ocrx_word' id='word_1_250' title='bbox 787 3438 837 3489; x_wconf 91' lang='lat' dir='ltr'><strong>aut</strong></span> <span class='ocrx_word' id='word_1_251' title='bbox 860 3442 887 3489; x_wconf 79' lang='lat' dir='ltr'><strong>L.</strong></span> <span class='ocrx_word' id='word_1_252' title='bbox 980 3433 1103 3489; x_wconf 84' lang='lat' dir='ltr'><strong>9effuse</strong></span> <span class='ocrx_word' id='word_1_253' title='bbox 1122 3435 1282 3489; x_wconf 63' lang='lat' dir='ltr'><strong>Acidaliae:</strong></span> 
     </span>
     <span class='ocr_line' id='line_1_34' title="bbox 258 3505 1281 3578; baseline -0.003 -17"><span class='ocrx_word' id='word_1_254' title='bbox 258 3506 340 3561; x_wconf 83' lang='lat' dir='ltr'><strong>effirsi</strong></span> <span class='ocrx_word' id='word_1_255' title='bbox 359 3512 389 3558; x_wconf 85' lang='lat' dir='ltr'><strong>A.</strong></span> <span class='ocrx_word' id='word_1_256' title='bbox 478 3512 511 3560; x_wconf 92' lang='lat'><strong>10</strong></span> <span class='ocrx_word' id='word_1_257' title='bbox 529 3507 693 3578; x_wconf 89' lang='lat' dir='ltr'><strong>memoriae]</strong></span> <span class='ocrx_word' id='word_1_258' title='bbox 712 3507 865 3561; x_wconf 87' lang='lat' dir='ltr'><strong>momoriae</strong></span> <span class='ocrx_word' id='word_1_259' title='bbox 883 3512 911 3559; x_wconf 78' lang='lat'><strong>1³.</strong></span> <span class='ocrx_word' id='word_1_260' title='bbox 1000 3511 1033 3559; x_wconf 93' lang='grc'><strong>12</strong></span> <span class='ocrx_word' id='word_1_261' title='bbox 1052 3505 1281 3576; x_wconf 89' lang='lat' dir='ltr'><strong>Lacedaemonii]</strong></span> 
     </span>
     <span class='ocr_line' id='line_1_35' title="bbox 258 3576 1281 3650; baseline 0.002 -21"><span class='ocrx_word' id='word_1_262' title='bbox 258 3577 493 3632; x_wconf 90' lang='lat' dir='ltr'><strong>lacedemomonii</strong></span> <span class='ocrx_word' id='word_1_263' title='bbox 511 3584 539 3631; x_wconf 78' lang='grc' dir='ltr'><strong>Ρ.</strong></span> <span class='ocrx_word' id='word_1_264' title='bbox 596 3585 630 3632; x_wconf 77' lang='grc'><strong>14</strong></span> <span class='ocrx_word' id='word_1_265' title='bbox 649 3578 718 3650; x_wconf 82' lang='lat' dir='ltr'><strong>dux]</strong></span> <span class='ocrx_word' id='word_1_266' title='bbox 738 3578 877 3632; x_wconf 86' lang='lat' dir='ltr'><strong>daxl’m.</strong></span> <span class='ocrx_word' id='word_1_267' title='bbox 888 3595 933 3646; x_wconf 78' lang='lat' dir='ltr'><strong>pr.</strong></span> <span class='ocrx_word' id='word_1_268' title='bbox 990 3582 1023 3631; x_wconf 89' lang='grc'><strong>16</strong></span> <span class='ocrx_word' id='word_1_269' title='bbox 1043 3577 1144 3647; x_wconf 89' lang='lat' dir='ltr'><strong>partis]</strong></span> <span class='ocrx_word' id='word_1_270' title='bbox 1164 3576 1241 3645; x_wconf 87' lang='lat' dir='ltr'><strong>parti</strong></span> <span class='ocrx_word' id='word_1_271' title='bbox 1256 3582 1281 3631; x_wconf 77' lang='lat'><strong>0.</strong></span> 
     </span>
     <span class='ocr_line' id='line_1_36' title="bbox 260 3649 1281 3722; baseline -0.003 -18"><span class='ocrx_word' id='word_1_272' title='bbox 260 3655 293 3704; x_wconf 83' lang='lat'><strong>19</strong></span> <span class='ocrx_word' id='word_1_273' title='bbox 312 3651 507 3722; x_wconf 88' lang='lat' dir='ltr'><strong>patiebantur]</strong></span> <span class='ocrx_word' id='word_1_274' title='bbox 530 3650 718 3719; x_wconf 85' lang='lat' dir='ltr'><strong>paciebantur</strong></span> <span class='ocrx_word' id='word_1_275' title='bbox 735 3654 793 3703; x_wconf 75' lang='grc' dir='ltr'><strong>Π.</strong></span> <span class='ocrx_word' id='word_1_276' title='bbox 891 3653 925 3701; x_wconf 90' lang='grc'><strong>20</strong></span> <span class='ocrx_word' id='word_1_277' title='bbox 949 3649 1117 3717; x_wconf 89' lang='lat' dir='ltr'><strong>spectabant</strong></span> <span class='ocrx_word' id='word_1_278' title='bbox 1134 3654 1203 3702; x_wconf 78' lang='lat' dir='ltr'><strong>Pm.</strong></span> <span class='ocrx_word' id='word_1_279' title='bbox 1225 3665 1281 3716; x_wconf 71' lang='lat' dir='ltr'><strong>pa:</strong></span> 
     </span>
     <span class='ocr_line' id='line_1_37' title="bbox 259 3720 1282 3791; baseline 0.002 -19"><span class='ocrx_word' id='word_1_280' title='bbox 259 3722 448 3789; x_wconf 85' lang='lat' dir='ltr'><strong>expectabant</strong></span> <span class='ocrx_word' id='word_1_281' title='bbox 467 3727 492 3773; x_wconf 85' lang='lat' dir='ltr'><strong>c.</strong></span> <span class='ocrx_word' id='word_1_282' title='bbox 585 3727 619 3775; x_wconf 93' lang='grc'><strong>22</strong></span> <span class='ocrx_word' id='word_1_283' title='bbox 639 3720 844 3791; x_wconf 88' lang='lat' dir='ltr'><strong>accendebant]</strong></span> <span class='ocrx_word' id='word_1_284' title='bbox 869 3720 1059 3774; x_wconf 87' lang='lat' dir='ltr'><strong>ascendebant</strong></span> <span class='ocrx_word' id='word_1_285' title='bbox 1077 3725 1097 3772; x_wconf 80' lang='lat' dir='ltr'>B</span> <span class='ocrx_word' id='word_1_286' title='bbox 1116 3738 1151 3774; x_wconf 86' lang='lat' dir='ltr'><strong>m.</strong></span> <span class='ocrx_word' id='word_1_287' title='bbox 1162 3736 1217 3789; x_wconf 68' lang='lat' dir='ltr'><strong>pr,</strong></span> <span class='ocrx_word' id='word_1_288' title='bbox 1237 3735 1282 3774; x_wconf 88' lang='lat' dir='ltr'><strong>ac·</strong></span> 
     </span>
     <span class='ocr_line' id='line_1_38' title="bbox 259 3789 1284 3861; baseline -0.003 -16"><span class='ocrx_word' id='word_1_289' title='bbox 259 3792 398 3846; x_wconf 88' lang='lat' dir='ltr'><strong>cedebant</strong></span> <span class='ocrx_word' id='word_1_290' title='bbox 412 3797 439 3845; x_wconf 81' lang='lat'><strong>1’.</strong></span> <span class='ocrx_word' id='word_1_291' title='bbox 514 3797 548 3846; x_wconf 83' lang='grc'><strong>24</strong></span> <span class='ocrx_word' id='word_1_292' title='bbox 566 3792 665 3861; x_wconf 76' lang='lat' dir='ltr'><strong>fugere</strong></span> <span class='ocrx_word' id='word_1_293' title='bbox 679 3793 834 3846; x_wconf 78' lang='lat' dir='ltr'><strong>Beatlcice:</strong></span> <span class='ocrx_word' id='word_1_294' title='bbox 850 3791 961 3861; x_wconf 85' lang='lat' dir='ltr'><strong>fugeret</strong></span> <span class='ocrx_word' id='word_1_295' title='bbox 975 3796 1006 3846; x_wconf 89' lang='lat' dir='ltr'><strong>A.</strong></span> <span class='ocrx_word' id='word_1_296' title='bbox 1080 3796 1114 3845; x_wconf 78' lang='grc'><strong>25</strong></span> <span class='ocrx_word' id='word_1_297' title='bbox 1130 3789 1284 3860; x_wconf 82' lang='lat' dir='ltr'><strong>dissipatos</strong></span> 
     </span>
     <span class='ocr_line' id='line_1_39' title="bbox 258 3862 1043 3933; baseline -0.001 -15"><span class='ocrx_word' id='word_1_298' title='bbox 258 3865 366 3918; x_wconf 74' lang='lat' dir='ltr'><strong>Laeter:</strong></span> <span class='ocrx_word' id='word_1_299' title='bbox 387 3863 541 3932; x_wconf 87' lang='lat' dir='ltr'><strong>dissipatus</strong></span> <span class='ocrx_word' id='word_1_300' title='bbox 561 3869 591 3917; x_wconf 92' lang='lat' dir='ltr'><strong>A.</strong></span> <span class='ocrx_word' id='word_1_301' title='bbox 666 3868 699 3916; x_wconf 92' lang='grc'><strong>26</strong></span> <span class='ocrx_word' id='word_1_302' title='bbox 720 3863 806 3933; x_wconf 84' lang='lat' dir='ltr'><strong>Agin]</strong></span> <span class='ocrx_word' id='word_1_303' title='bbox 826 3862 914 3932; x_wconf 86' lang='lat' dir='ltr'><strong>hagin</strong></span> <span class='ocrx_word' id='word_1_304' title='bbox 933 3868 1043 3917; x_wconf 67' lang='grc' dir='ltr'><strong>ΗΠ.</strong></span> 
     </span>
    </p>
   </div>
   <div class='ocr_carea' id='block_1_4' title="bbox 0 0 1586 4459">
    <p class='ocr_par' dir='ltr' id='par_1_4' title="bbox 0 0 1586 4459">
     <span class='ocr_line' id='line_1_40' title="bbox 0 0 1586 4459; baseline 0 0"><span class='ocrx_word' id='word_1_305' title='bbox 0 0 1586 4459; x_wconf 95' lang='lat' dir='ltr'><strong> </strong></span> 
     </span>
    </p>
   </div>
  </div>
 </body>
</html>
