3150 4459
309 456 351 519 36
683 455 714 521 Q.
735 453 845 508 cuam
863 454 949 507 RUFI

308 643 419 706 gazam
457 620 573 685 Persae
609 623 727 684 vocant
763 657 805 665 -
838 642 911 685 cum
947 618 1194 703 pretiosissimis
1228 639 1317 682 rerum
1362 645 1363 683 3

308 709 414 774 efferri
448 708 545 791 iubet,
579 709 689 794 fugam
722 707 888 793 simulans,
920 732 954 772 re
986 731 1074 790 vera,
1106 710 1146 772 ut
1178 707 1317 793 praedam
1362 733 1363 739 ¹

273 818 288 865 o
308 800 396 863 hosti
415 800 552 865 offerret.
598 798 702 863 Multa
721 798 811 862 milia
830 799 975 864 virorum
994 798 1260 881 feminarumque
1280 818 1318 860 ex·

209 938 212 943 -
308 888 473 953 cedentem
510 887 631 973 oppido
670 887 900 972 sequebamur,
943 887 1093 952 omnibus
1116 882 1318 974 ¹{fmieerabilis

307 978 404 1042 turba
422 981 550 1061 praeter
569 1000 651 1061 eum,
674 978 765 1042 cuius
784 976 860 1041 fidei
881 977 1052 1042 commissa
1071 980 1149 1040 erat.
1198 974 1318 1060 Quippe,

308 1089 372 1151 quo
392 1068 496 1132 maior
514 1066 707 1151 proditionis
726 1089 849 1133 merces
872 1067 965 1150 foret,
987 1067 1113 1131 obicere
1134 1065 1225 1129 hosti
1243 1086 1320 1150 pera·

307 1158 364 1221 bat
392 1158 567 1245 gratiorem
601 1156 687 1220 omni
718 1158 854 1239 pecunia
881 1157 1045 1241 praedam,
1078 1154 1206 1219 nobiles
1238 1156 1319 1235 viros,

307 1251 492 1331 praetorum
530 1245 628 1310 Darei
665 1245 819 1331 coniuges
860 1245 1057 1329 liberosque,
1102 1249 1233 1328 praeter
1271 1245 1319 1307 hos

273 1352 287 1400 7
308 1334 502 1401 Graecarum
523 1335 651 1399 urbium
674 1337 810 1420 legatos,
834 1357 915 1419 quos
935 1335 1067 1417 Dareus,
1091 1334 1182 1398 velut
1207 1335 1243 1399 in
1261 1352 1320 1397 arce

307 1426 479 1508 tutissima,
503 1426 537 1488 in
560 1425 736 1509 proditoris
755 1424 930 1509 reliquerat
952 1424 1110 1489 manibus.
1159 1422 1319 1511 Gaugabas

306 1513 423 1580 Persae
451 1519 570 1579 vocant
597 1514 740 1579 humeris
769 1535 866 1578 onera
894 1517 1074 1599 portantes:
1106 1512 1128 1576 ii
1159 1535 1235 1577 cum
1258 1518 1319 1577 um-

300 1607 434 1686 pestatis
452 1606 516 1669 vim
534 1603 673 1668 tolerare
696 1626 762 1668 non
780 1609 914 1688 possent
934 1642 976 1651 -—
997 1605 1116 1688 quippe
1136 1606 1170 1667 et
1187 1600 1320 1686 procelle

307 1694 415 1759 subito
447 1695 553 1758 nivem
586 1692 752 1777 effuderat,
785 1699 817 1758 et
846 1693 964 1758 humus
995 1692 1121 1779 rigebat
1153 1691 1231 1778 gelu
1261 1696 1320 1756 tum

308 1783 463 1868 adstricta
486 1820 538 1864 —,
560 1786 676 1865 vestes,
695 1804 775 1867 quas
795 1805 868 1848 cum
887 1784 1022 1867 pecunia
1042 1781 1229 1866 portabant,
1252 1799 1320 1846 auro

307 1877 340 1936 et
359 1895 503 1957 purpura
521 1874 665 1958 insignes
686 1872 825 1936 induunt
842 1871 932 1937 nullo
952 1870 1123 1956 prohibere
1143 1892 1235 1953 auso,
1258 1890 1321 1935 cum

307 1962 438 2027 fortuna
469 1962 555 2047 regis
589 1962 686 2026 etiam
719 1961 911 2027 humillimis
948 1964 983 2026 iu
1020 1962 1126 2044 ipsum
1164 1960 1321 2025 licentiam

271 2050 435 2116 efaceret.
489 2051 669 2143 Praebuere
707 2073 784 2136 ergo
817 2050 1023 2116 Parmenioni
1060 2072 1126 2115 non
1159 2046 1323 2134 spernendi

308 2141 447 2226 agminis
480 2140 634 2225 speciem:
666 2142 721 2225 qui
753 2142 927 2206 intentiore
958 2161 1034 2204 cura
1064 2160 1140 2204 suos
1170 2140 1264 2223 quasi
1290 2135 1321 2201 ul

308 2231 430 2294 iustum
448 2230 608 2315 proelium
628 2231 739 2314 paucis
759 2231 948 2296 adhortatus
972 2228 1063 2313 equis
1083 2228 1224 2293 calcaria
1242 2228 1323 2293 iubet

272 2336 288 2382 9
308 2320 445 2384 subdere
468 2324 501 2384 et
524 2321 590 2385 acri
613 2320 736 2403 impetu
761 2319 795 2384 in
819 2321 945 2384 hostem
969 2317 1069 2384 evehi.
1116 2316 1162 2382 At
1185 2319 1247 2403 illi,
1275 2315 1323 2400 qui

308 2410 368 2474 sub
393 2410 545 2475 oneribus
568 2413 679 2493 erant,¹
696 2411 824 2474 omissis
852 2410 902 2473 bis
930 2431 989 2493 per
1010 2411 1132 2472 metum
1157 2408 1325 2491 capessunt

306 2500 432 2584 fugem:
457 2500 572 2563 armati
592 2520 730 2583 quoque,
754 2500 810 2583 qui
830 2520 884 2563 eos
902 2498 1192 2584 prosequebantur,
1218 2496 1323 2561 eodem

306 2594 395 2653 metu
427 2610 517 2654 arma
548 2589 666 2652 iactare
696 2610 733 2651 ac
760 2592 840 2653 nota
863 2588 1059 2653 deverticula
1086 2590 1196 2671 petere
1221 2606 1324 2668 coepe

259 2693 287 2740 ιο
307 2682 391 2743 runt.
437 2678 633 2763 Praefectus,
653 2678 744 2762 quasi
764 2682 848 2743 esset
867 2678 935 2761 ipse
950 2678 1154 2759 conterritus,
1175 2676 1324 2740 simulans

308 2771 424 2833 cuncta
442 2788 561 2852 pavore
581 2767 795 2852 conpleverat.
841 2766 993 2832 Iacebant
1011 2768 1090 2832 totis
1112 2765 1235 2849 campie
1255 2784 1325 2849 opes

307 2859 428 2944 regiae,
461 2856 518 2921 illa
549 2856 687 2940 pecunia
719 2856 881 2941 stipendio
915 2857 1041 2940 ingenti
1072 2854 1215 2919 militum
1240 2874 1325 2939 prae

306 2952 429 3031 parata,
448 2946 503 3011 ille
523 2945 630 3011 cultus
649 2949 699 3011 tot
718 2946 877 3011 nobilium
898 2948 1052 3027 virorum,
1073 2948 1123 3009 tot
1142 2944 1325 3008 inlustrium

254 3052 285 3099 11
307 3037 509 3118 feminarum,
533 3058 629 3099 aurea
652 3057 736 3120 vasa,
764 3037 854 3100 aurei
877 3034 969 3118 freni,
997 3033 1205 3099 tabemacula
1229 3030 1326 3117 regali

306 3124 548 3213 magnificentia
572 3129 695 3209 ornata,
718 3124 867 3189 vehicula
890 3147 1019 3209 quoque
1043 3148 1061 3187 a
1085 3124 1150 3187 suis
1176 3123 1327 3188 destituta

378 3282 582 3336 tmiserabilie
601 3284 709 3338 Laeter:
728 3283 867 3337 mirabilis
887 3288 916 3336 Δ.
1009 3289 1025 3337 8
1044 3282 1205 3349 liberosque
1225 3286 1257 3334 σε
1280 3295 1326 3333 no·

305 3355 433 3424 bilesquc
442 3360 463 3407 P
472 3373 506 3408 m.
515 3372 559 3423 pr.
616 3360 631 3408 9
646 3354 874 3426 velut]uelud1’.
932 3361 963 3408 11
978 3354 1114 3424 humeris]
1129 3352 1234 3406 umeris
1248 3358 1276 3405 Ρ.

305 3428 402 3498 onera]
419 3427 525 3479 honera
544 3432 573 3479 V.
652 3426 674 3479 ii
692 3432 725 3479 P:
745 3427 787 3480 hii
807 3434 832 3479 c.
911 3425 1203 3494 tempestatisvim
1222 3423 1326 3479 addidi.

307 3504 339 3551 13
359 3498 483 3570 rigebat]
507 3498 625 3568 regebat
644 3503 664 3549 B
683 3516 717 3552 m.
732 3517 778 3568 pr.
872 3504 905 3551 14
929 3498 1064 3551 adstricta
1088 3496 1250 3552 Acidaliae:
1281 3494 1326 3549 ed·

306 3570 418 3623 strictas
445 3574 475 3623 Δ.
549 3576 583 3624 20
610 3570 741 3641 subdere]
772 3569 931 3623 subdareL
957 3588 991 3624 m.
1013 3588 1057 3638 pr.
1132 3565 1327 3636 monentur]
1361 3599 1363 3610 ι

305 3641 456 3695 honeribus
472 3646 552 3707 BLV,
573 3641 721 3695 ooneribus
737 3647 757 3693 F
771 3660 806 3695 m.
818 3660 862 3711 pr.
922 3642 975 3695 bis
994 3642 1058 3696 add.
1073 3647 1094 3693 1.
1156 3644 1190 3693 23
1211 3637 1328 3694 deverti·
1360 3641 1363 3704 l

306 3712 381 3785 cula]
408 3713 578 3766 diuerticula
601 3720 626 3767 c.
724 3714 889 3784 coeperunt]
916 3715 1049 3781 ceperunt
1071 3717 1100 3764 V.
1198 3717 1232 3766 24
1257 3710 1329 3767 esset
1361 3717 1363 3722 '

304 3788 415 3854 seipsi:
436 3786 464 3837 et
483 3789 513 3837 Δ.
581 3791 614 3838 26
634 3784 740 3856 regiae]
760 3801 845 3855 regae
863 3791 893 3838 v.
954 3783 1330 3855 2'lvir0rum]uiuorum1’

304 3876 339 3911 m.
351 3876 395 3926 pr.
470 3862 504 3909 29
524 3856 673 3927 destituta]
693 3856 818 3910 destitua
837 3862 857 3910 1³
876 3875 909 3910 m.
922 3875 966 3925 pr.
