3150 4459
724 332 741 360 ᾳ

467 456 720 510 HISTORIARUM
739 455 954 510 ALEXANDRI
972 456 1032 523 VH,
1052 462 1075 511 9.
1094 462 1134 510 10.
1244 458 1310 521 243
1351 475 1352 481 ’

287 620 499 685 Macedonum
530 622 627 684 armis
660 642 770 703 parem
798 620 868 684 fore
896 620 1141 685 confitebantur.
1197 619 1310 705 ltaque

288 708 386 773 Sacae
406 711 521 774 misere
535 712 671 795 legatos
685 709 741 793 qui
761 709 990 793 pollicerentur
1009 715 1138 795 gentem
1153 710 1311 794 imperata

287 798 462 863 facturam:
495 803 640 863 moverat
663 820 718 864 eos
743 800 830 883 regis
854 821 920 861 non
942 799 1045 863 virtus
1069 800 1189 885 magis,
1213 821 1308 881 quam
1331 816 1363 862 18

289 888 459 952 clementia
483 890 515 950 in
540 889 683 952 devictos
703 886 848 971 Scythas.
878 887 1005 972 Quippe
1030 888 1175 971 captivos
1200 910 1310 953 omnes

262 978 358 1041 asine
381 978 486 1061 pretio
510 978 690 1059 remiserat,
721 982 758 1040 ut
780 978 877 1041 fidem
901 977 1020 1042 faceret
1045 977 1107 1041 sibi
1132 1000 1203 1042 cum
1228 980 1321 1041 fero·

288 1068 425 1130 cissimis
450 1068 594 1151 gentium
619 1067 657 1130 de
676 1067 876 1150 fortitudine,
899 1088 965 1131 non
989 1066 1028 1130 de
1052 1067 1101 1131 ira
1123 1067 1223 1131 fuisse
1248 1088 1311 1131 cer-

287 1160 404 1220 tarnen.
441 1155 586 1240 Benigne
610 1157 712 1241 igitur
735 1157 877 1240 exceptis
899 1154 1051 1221 Sacarum
1074 1155 1190 1242 legatis
1214 1158 1364 1220 comi-19

287 1250 352 1309 tem
392 1246 609 1329 Euxenippon
653 1246 755 1327 dedit,
793 1244 899 1310 adhuc
941 1245 1114 1310 admodum
1154 1246 1311 1328 iuvenem,

288 1336 402 1400 aetatis
425 1334 504 1398 flore
528 1335 735 1400 conciliatum
760 1334 838 1418 sibi,
861 1335 917 1419 qui
941 1358 1015 1399 cum
1038 1335 1144 1419 speeie
1168 1336 1311 1420 corporis

248 1448 274 1487 ιο
289 1428 440 1507 aequaret
470 1424 758 1508 Hephaestionem,
788 1424 818 1487 ei
850 1426 961 1508 lepore
995 1424 1083 1488 haud
1120 1446 1195 1488 sane
1225 1424 1311 1487 virili

287 1536 347 1596 par
373 1536 440 1578 non
470 1517 547 1577 erat.
593 1512 666 1599 Ipse
692 1512 823 1578 Cratero
854 1535 926 1577 eum
955 1514 1075 1578 maiore
1106 1517 1198 1597 parte
1227 1535 1311 1577 exer·
1332 1530 1365 1577 20

289 1604 371 1668 citus
405 1603 540 1667 modicis
572 1602 742 1667 itineribus
775 1603 867 1686 sequi
895 1602 983 1667 iusso
1012 1602 1092 1667 adiit
1121 1602 1312 1667 Maracanda

288 1692 409 1756 urbem.
456 1690 534 1756 Inde
559 1689 763 1777 Spitamenes
794 1696 949 1776 conperto
978 1693 1046 1755 eius
1071 1692 1211 1756 adventu
1234 1691 1312 1755 Bac-

288 1786 338 1845 tra
361 1782 555 1867 perfugerat.
602 1780 715 1865 Itaque
740 1780 919 1864 quadriduo
948 1804 1004 1845 rex
1027 1783 1162 1868 longum
1186 1781 1311 1845 itineris
1333 1799 1364 1845 21

248 1894 273 1934 11
289 1872 429 1953 spatium
458 1892 607 1934 emensus
635 1874 824 1953 pervenerat
855 1871 888 1934 in
923 1893 996 1934 enm
1028 1872 1150 1948 locum,
1181 1870 1215 1934 in
1248 1891 1311 1953 quo

288 1960 476 2024 Menedemo
509 1960 589 2024 duce
622 1960 685 2024 duo
724 1960 815 2024 milia
846 1960 992 2043 peditum
1022 1963 1055 2023 01
1091 1975 1155 2024 000
1187 1960 1312 2043 equites

288 2049 448 2113 amiserat.
495 2048 622 2112 Horum
655 2070 728 2112 ossa
758 2050 884 2113 tumulo
915 2050 1045 2135 contegi
1076 2049 1172 2113 iussit
1202 2054 1234 2114 et
1266 2049 1312 2113 in-

287 2139 383 2202 ferias
408 2160 496 2203 more
520 2137 626 2221 patrio
650 2138 745 2202 dedit.
788 2136 857 2202 Iam
882 2136 1031 2203 Craterus
1056 2159 1130 2202 oum
1152 2138 1312 2223 phalange
1332 2156 1365 2202 00

289 2228 441 2309 subsequi
460 2229 567 2292 iussus
586 2227 626 2290 ad
645 2249 752 2313 regem
772 2231 973 2310 pervenerat:
998 2228 1118 2311 itaque,
1141 2232 1178 2291 ut
1193 2249 1312 2310 omnes,

248 2341 274 2380 ao
289 2319 342 2398 qni
369 2317 563 2400 defecerant,
591 2318 712 2401 pariter
735 2317 813 2381 belli
838 2317 927 2380 clade
950 2322 1180 2401 premerentur,
1204 2319 1312 2401 copias

288 2407 404 2470 dividit
428 2408 542 2490 urique
566 2428 661 2492 agros
685 2410 717 2470 et
740 2406 881 2469 interfici
904 2407 1042 2489 puberes
1066 2406 1163 2471 iubet.

233 2499 272 2553 39
356 2494 518 2581 Sogdiana
541 2498 631 2580 regio
654 2497 774 2561 maiore
799 2499 952 2579 exparte
977 2496 1101 2560 deserta
1125 2501 1186 2561 est:
1211 2496 1349 2562 octinx

288 2590 385 2669 genta
408 2586 475 2649 fere
498 2585 603 2649 stadia
630 2585 665 2649 in
688 2585 892 2649 latitudinem
918 2590 1026 2649 vastae
1051 2586 1242 2650 solitudines
1266 2589 1312 2647 to-

287 2678 373 2738 nent.
419 2673 537 2761 Ingens
566 2676 707 2758 spatium
735 2679 841 2739 rectae
865 2675 1007 2759 regionis
1031 2677 1094 2755 est,
1124 2696 1181 2757 per
1214 2696 1346 2758 quamn

248 2787 273 2825 as
287 2763 391 2826 amnis
415 2802 459 2810 -
482 2763 714 2847 Polytimetum
738 2767 856 2828 vocant
874 2762 998 2828 incolae
1021 2801 1058 2808 -
1080 2764 1192 2827 fertur.
1235 2762 1313 2826 Tor-

287 2857 411 2916 rentem
441 2874 514 2915 eum
547 2854 637 2936 ripae
665 2854 699 2916 in
722 2857 851 2917 tenuem
882 2853 1008 2917 alveum
1038 2855 1173 2937 cogunt,
1197 2852 1311 2916 deinde

287 2963 423 3005 caverna
454 2942 571 3025 accipit
598 2946 630 3005 et
661 2942 721 3005 sub
752 2946 871 3006 terram
894 2942 988 3025 rapit.
1035 2938 1157 3005 Cursus
1182 2941 1347 3013 abscon-3

359 3142 374 3187 2
395 3135 483 3189 Sacae
499 3136 668 3192 Frobeaias:
685 3151 771 3205 sagae
784 3140 815 3188 A.
871 3134 1021 3204 imperata]
1039 3134 1170 3203 inparata
1184 3138 1204 3186 B
1218 3152 1253 3189 m.
1268 3152 1310 3202 pr.

287 3206 455 3278 AScythas]
470 3207 575 3262 scithas
590 3211 672 3260 BEV.
729 3206 859 3277 tpretio]
870 3206 933 3276 poio
945 3211 975 3259 V.
1031 3204 1194 3259 iSacarum
1208 3207 1310 3261 Frobe·

287 3281 367 3333 rrius:
378 3297 509 3347 sagarum
517 3284 547 3331 A.
586 3285 602 3332 8
613 3279 799 3348 Euxenippon
808 3279 920 3346 scripsi:
932 3277 1081 3346 excipinon
1093 3282 1118 3344 0,
1129 3275 1275 3347 escipinon
1283 3284 1310 3330 P.

290 3355 322 3403 10
336 3350 575 3418 Hephaestionem
591 3351 706 3419 Carpum
724 3349 920 3419 ephestionem
932 3354 962 3400 A.
1026 3347 1052 3401 ei
1066 3348 1217 3403 Heinsius:
1238 3351 1267 3402 et
1280 3354 1310 3401 A.

289 3428 321 3475 12
341 3423 427 3476 adiit
444 3425 556 3491 scripsi:
574 3422 610 3474 ad
625 3427 655 3476 A.
710 3473 712 3480 ,
730 3421 902 3475 Maracanda
916 3420 1083 3475 Frobeas'aa:
1104 3422 1310 3485 1001000111οΡ,

287 3495 721 3565 marasantam0[marecantum
731 3494 771 3563 B]
825 3491 1158 3560 rslndeseripsi21nqua
1172 3497 1202 3543 A.
1250 3491 1311 3559 Spi-

288 3565 426 3636 tamenes]
446 3565 612 3634 spitamines
624 3570 652 3617 1².
692 3570 725 3618 14
744 3563 915 3647 quadriduo]
935 3562 1087 3631 quatriduo
1107 3570 1132 3617 0.
1172 3568 1205 3616 18
1221 3562 1311 3634 dedit]

289 3635 417 3690 *dedite
465 3636 778 3706 phalange]falange1..
826 3642 858 3689 21
870 3633 1143 3707 unque]utrique1’¹
1191 3635 1311 3703 puberes

288 3707 395 3762 Lauer:
410 3708 499 3776 pubes
510 3713 540 3761 A.
597 3708 677 3762 iubet
690 3715 723 3762 P:
738 3708 823 3761 iussit
833 3713 858 3760 0.
914 3713 947 3760 11
964 3707 1129 3777 octingenta
1140 3706 1310 3761 Glareanus:

289 3798 359 3831 cxxx
367 3784 397 3832 A.
450 3786 484 3832 ‘24
499 3780 634 3850 spatium]
649 3780 776 3848 spacium
786 3783 841 3832 tv.
895 3785 929 3832 ’25
943 3777 1156 3850 Polytimetum]
1171 3777 1310 3847 politime-

288 3853 348 3903 tum
359 3857 384 3903 0.
441 3850 617 3922 Torrentem]
628 3854 795 3905 torrenstem
806 3855 826 3902 Ε
841 3867 912 3907 corr.
920 3855 956 3916 V,
966 3849 1334 3913 totiessssuamsssa.

1120 3932 1179 3987 ts*
