3150 4459
310 416 377 481 354
691 414 722 481 Q.
742 415 851 470 coum
869 416 956 470 RUFI

309 580 414 662 terim,
437 581 588 663 quotiens
611 580 680 644 sine
703 578 834 645 arbitris
857 584 935 663 erat,
959 581 1104 645 credulas
1127 581 1214 666 regis
1239 604 1337 646 aures

309 668 467 754 inplebat,
497 668 703 733 dissimulans
726 690 855 733 oausam
879 670 958 752 irae,
986 690 1051 752 quo
1075 671 1205 755 gravior
1229 670 1338 735 erimi-

255 759 416 823 33333113
446 759 621 823 aucteritas
651 762 743 823 esset.
799 758 951 823 Nondum
984 763 1152 843 suspectus
1182 766 1253 823 erat
1279 758 1339 824 Or-

310 848 405 931 sines,
428 847 492 911 iam
516 851 624 911 tamen
647 846 756 911 vilior:
780 868 854 911 reus
876 849 961 912 enim
980 848 1015 911 in
1033 853 1155 914 secreto
1175 848 1339 934 agebatur

308 937 440 1001 latentis
463 936 600 1020 periculi
623 936 764 1022 ignarus.
804 936 849 1001 Et
867 937 1170 1021 inportunissimum
1189 942 1336 1002 scortum
1366 966 1378 1005 3

307 1048 348 1089 33
372 1027 404 1089 13
430 1028 542 1109 stupro
566 1025 695 1107 quidem
720 1030 753 1091 et
777 1026 941 1090 dedecoris
959 1026 1115 1109 patientia
1132 1027 1256 1090 fraudis
1279 1028 1337 1091 ob-

307 1113 413 1198 litum,
437 1115 587 1198 quotiens
606 1136 748 1179 amorem
767 1114 854 1202 regis
873 1116 906 1178 in
926 1137 959 1179 se
979 1116 1174 1200 accenderat,
1194 1114 1337 1181 Orsinen

308 1204 405 1268 modo
436 1204 603 1288 avaritiae,
634 1204 796 1268 interdum
827 1204 922 1269 etiam
953 1204 1143 1269 defectionis
1166 1206 1334 1290 arguebat.

255 1290 375 1360 301331
405 1297 532 1357 matura
562 1296 653 1357 erant
682 1294 717 1356 in
746 1293 919 1377 perniciem
951 1295 1132 1358 innocentis
1155 1294 1369 1379 mendacius)

208 1446 210 1450 ,
308 1386 340 1445 31
362 1382 475 1465 fatum,
499 1383 590 1446 euius
614 1382 811 1448 inevitabilis
835 1404 905 1446 sors
929 1387 986 1466 est,
1009 1383 1189 1467 adpetebat,
1234 1382 1377 1452 Fortem

307 1471 393 1535 enim
418 1472 623 1555 sepulchrum
645 1470 722 1555 Cyri
739 1469 924 1536 Alexander
944 1471 1041 1537 iussit
1058 1474 1186 1556 aperiri,
1210 1472 1245 1536 in
1267 1495 1334 1556 quo

307 1564 376 1624 erat
406 1560 572 1624 conditum
603 1559 671 1624 eius
701 1581 831 1644 eorpus,
865 1561 917 1625 oui
940 1561 1014 1625 dare
1038 1562 1167 1626 volebat
1190 1563 1335 1627 inferias.

254 1666 286 1715 31
307 1649 398 1713 Auro
413 1655 611 1734 argentoque
626 1650 841 1715 conditorium
851 1650 1012 1733 repletum
1024 1672 1092 1715 esse
1103 1651 1332 1715 crediderat—

308 1739 427 1823 quippe
447 1741 493 1802 ita
515 1739 602 1802 fama
617 1737 732 1802 Persae
755 1740 967 1825 vulgaverant
981 1778 1038 1824 —,
1062 1739 1116 1804 sed
1132 1743 1261 1823 praeter
1276 1741 1334 1804 cli·

306 1850 401 1911 peum
410 1827 479 1891 eius
486 1832 615 1911 putrem
622 1831 655 1890 et
663 1850 755 1893 arcus
764 1828 845 1891 duos
855 1827 1025 1912 Scythicos
1033 1833 1065 1892 et
1075 1830 1236 1893 acinacem
1245 1829 1334 1894 nihil
1349 1857 1373 1897 15

252 1934 286 1982 32
306 1917 456 2000 repperit.
481 1915 630 1981 Ceterum
642 1938 762 1982 corona
775 1939 873 1981 auree
886 1918 1028 2001 inposita
1048 1918 1196 2001 amiculo,
1211 1919 1263 1982 oui
1279 1920 1334 1983 ed-

307 2008 415 2070 suerat
431 2007 509 2090 ipse,
526 2005 653 2089 solium,
672 2008 786 2090 inquo
805 2028 921 2090 cerpus
940 2007 1073 2091 iacebat,
1096 2007 1216 2071 velavit
1234 2008 1333 2071 mira-

306 2099 358 2159 tus
377 2094 460 2158 tanti
483 2095 625 2159 nominis
649 2116 756 2180 regem
780 2097 881 2160 133113
903 2097 1086 2180 praeditum
1107 2095 1223 2180 opibus
1243 2096 1333 2161 haud

251 2202 286 2250 33
305 2184 478 2268 pretiosius
497 2183 661 2267 sepultum
681 2206 758 2266 esse,
778 2206 875 2268 quam
895 2186 922 2248 si
941 2184 1056 2250 fuisset
1075 2208 1092 2249 e
1111 2185 1212 2269 plebe.
1251 2185 1333 2251 Pro-

305 2274 412 2337 ximus
444 2279 513 2337 erat
544 2273 639 2337 lateri
671 2273 783 2357 spado:
825 2274 882 2357 qui
914 2296 1022 2359 regem
1055 2277 1197 2338 intuens:
1231 2273 1332 2350 ‘Quid
1346 2302 1372 2343 ro

305 2361 445 2439 mirum‚’
468 2363 584 2445 inquit,
608 2363 669 2426 ‘est
692 2362 801 2426 inania
824 2362 993 2446 sepulchra
1016 2386 1084 2427 esse
1107 2362 1230 2447 regum,
1256 2387 1332 2429 oum

305 2456 507 2535 satraparum
527 2452 641 2515 domus
659 2474 772 2515 aurum
793 2452 868 2515 inde
887 2456 1031 2537 egestum
1047 2475 1161 2536 capere
1174 2475 1241 2515 non
1257 2476 1332 2536 pos-

252 2540 392 2606 3431311
429 2539 523 2616 Quod
545 2540 586 2603 ad
608 2563 660 2604 mo
683 2542 810 2624 attinet,
834 2540 903 2624 ipse
921 2542 983 2605 hoc
1003 2542 1132 2605 bustum
1153 2545 1248 2606 antea
1264 2565 1331 2606 non

304 2630 460 2713 videram,
493 2629 549 2692 sed
582 2652 620 2693 ex
644 2629 750 2693 Dareo
783 2630 830 2693 ita
858 2630 965 2713 accepi
988 2648 1027 2694 111
1057 2631 1147 2694 milia
1170 2632 1331 2696 talentum

251 2719 434 2785 ascondita
457 2740 526 2781 esse
550 2739 623 2782 cum
638 2717 731 2801 Cyro.
769 2718 855 2783 Hinc
878 2719 936 2784 illa
958 2720 1141 2805 benignitas
1164 2721 1259 2804 inte,
1283 2724 1330 2806 ut,
1345 2747 1371 2787 33

305 2809 391 2890 quod
429 2808 548 2891 inpune
585 2808 703 2872 habere
734 2830 802 2871 non
833 2812 962 2892 poterat
995 2807 1142 2893 Orsines,
1180 2810 1330 2875 donando

251 2898 402 2964 ucetiam
433 2896 571 2983 gratiam
602 2897 719 2961 iniret?
772 2895 997 2962 Concitaverat
1026 2901 1090 2962 iam
1122 2899 1266 2962 animum
1295 2899 1330 2962 in

305 2987 395 3069 iram,
419 3007 492 3049 eum
516 2986 549 3069 ii,
576 2986 694 3068 quibus
716 2988 885 3071 negotium
909 2985 994 3050 idem
1019 2988 1157 3071 dederat,
1181 3009 1331 3071 superve-

378 3168 391 3214 1
412 3161 556 3232 quotiens]
579 3161 713 3229 quociens
739 3166 821 3214 m.
921 3163 1107 3233 dpatientia]
1137 3162 1281 3231 pacientia
1300 3168 1328 3217 P.

306 3238 320 3285 7
340 3233 483 3303 quotiens]
503 3232 636 3301 quociens
655 3238 724 3287 Lm.
735 3251 780 3302 pr.
796 3239 824 3286 Ρ.
897 3238 912 3285 9
931 3233 1091 3316 mendacia]
1110 3234 1256 3287 mendatio
1274 3239 1328 3288 LV.

306 3310 338 3357 13
361 3305 549 3358 conditorium
564 3297 712 3359 Heinrich:
732 3304 878 3358 conditum
893 3309 923 3357 A.
998 3310 1032 3358 14
1051 3305 1173 3374 clipeum
1194 3306 1328 3360 Muelzel·

304 3378 371 3430 lice:
398 3375 530 3443 clypeum
547 3380 570 3427 Δ
593 3375 757 3446 [clyppeum
775 3376 819 3499 V]
929 3381 962 3429 15
987 3374 1145 3447 Scythicos]
1165 3376 1327 3444 schythicos

303 3453 332 3512 F,
352 3446 485 3500 scithicos
503 3451 534 3499 V.
626 3446 710 3517 nihil]
729 3447 807 3501 nichr
837 3452 865 3500 l'.
958 3452 991 3500 16
1015 3448 1152 3518 repperit]
1171 3447 1277 3516 reperit
1296 3454 1327 3501 V.

305 3524 337 3571 17
357 3518 471 3590 solium]
490 3516 613 3588 solioi’,
637 3518 728 3571 solum
746 3525 816 3573 rm.
827 3536 873 3588 pr.
947 3524 981 3572 18
1004 3519 1176 3591 praeditum]
1197 3520 1327 3591 peditum

303 3594 372 3643 Bm.
382 3608 428 3658 pr.
515 3594 547 3642 19
567 3589 730 3661 pretiosius]
749 3590 872 3659 peiosins
891 3594 918 3643 P.
1002 3596 1034 3644 21
1054 3590 1159 3662 inquit]
1179 3590 1279 3658 inquid
1300 3597 1325 3645 0.

303 3668 337 3714 22
357 3662 436 3732 inde]
454 3660 539 3714 indee
553 3667 581 3714 P.
655 3667 689 3714 24
708 3662 818 3732 accepi]
838 3661 930 3730 accipi
948 3666 976 3713 P.
1044 3661 1196 3732 talentum]
1215 3662 1328 3716 talento

302 3739 371 3786 Pm.
381 3752 434 3856 pr1⁸1
520 3738 553 3786 26
576 3732 694 3803 inpune]
712 3732 827 3801 inpuiae
846 3738 915 3786 Pm.
925 3749 971 3801 pr.
1045 3739 1079 3788 28
1102 3733 1124 3785 ii
1148 3734 1326 3787 Vindelicus:

302 3804 343 3858 hii
362 3809 385 3856 Δ
404 3805 415 3875 [
436 3803 447 3856 1
465 3805 506 3874 F]
