3150 4459
522 485 775 541 HISTORIARUM
794 485 1008 540 ALEXANDRI
1026 487 1059 555 X,
1079 492 1103 540 5.
1261 485 1327 550 373

250 656 287 711 18
368 650 423 735 Et,
444 650 584 733 hercule,
607 651 691 714 iuste
715 650 962 714 aestimantibus
979 671 1088 735 regem
1108 651 1219 733 liquet,
1242 650 1329 713 bona
1347 665 1388 714 26

301 744 434 804 naturae
458 741 528 804 eius
550 740 661 823 fuisse,
683 739 764 802 vitia
786 738 839 802 rel
862 738 1011 802 fortunae
1035 740 1088 803 vel
1111 740 1234 803 aetatis.
1267 736 1327 802 Vis
1346 754 1386 802 17

302 827 500 892 incredibilis
520 828 628 909 animi,
648 828 769 892 laboris
788 829 947 911 patientia
965 829 1199 911 propemodum
1217 828 1328 913 nimia,

301 918 459 983 fortitudo
491 939 556 981 non
589 917 675 981 inter
705 939 798 1002 reges
830 917 926 981 modo
960 920 1134 1002 excellens,
1165 917 1218 981 sed
1243 918 1328 980 inter
1356 939 1357 942 ¹

274 1007 377 1072 sillos
401 1027 543 1091 quoque,
567 1028 705 1090 quorum
728 1006 808 1069 haec
830 1006 900 1071 sola
923 1007 1026 1071 virtus
1049 1005 1125 1090 fuit,
1148 1006 1326 1071 liberalitas
1347 1020 1384 1069 28

302 1118 396 1180 saepe
422 1097 543 1160 maiora
565 1096 721 1177 tribuens,
744 1117 841 1177 quam
864 1117 884 1159 3
902 1095 952 1159 dis
970 1098 1135 1180 petuntur,
1159 1094 1328 1159 clementia

301 1186 336 1249 in
365 1185 523 1266 devictos,
555 1188 606 1248 tot
629 1206 729 1269 regna
759 1188 816 1247 aut
847 1184 984 1268 reddita,
1016 1183 1134 1267 quibus
1167 1184 1328 1249 ademerat

301 1275 388 1339 bello
412 1278 469 1338 aut
492 1274 577 1338 dono
602 1273 685 1359 data,
710 1274 838 1357 mortis,
863 1274 954 1339 cuius
978 1277 1083 1337 metus
1108 1277 1231 1339 ceteros
1256 1295 1327 1336 313-
1347 1289 1381 1337 29

301 1364 413 1445 nimat,
436 1366 593 1448 perpetua
616 1363 824 1446 contemptio,
848 1363 971 1448 gloriae
993 1362 1162 1446 laudisque
1186 1365 1222 1425 ut
1240 1364 1327 1426 iusto

261 1477 287 1516 ro
300 1453 404 1517 maior
436 1450 567 1536 cupido,
599 1451 647 1515 ita
677 1450 713 1515 in
740 1451 856 1516 iuvene
884 1454 917 1514 et
943 1451 978 1515 in
1005 1453 1106 1515 tantis
1128 1451 1330 1537 neglegenda

301 1542 407 1624 rebus,
429 1541 494 1604 iam
518 1541 623 1624 pietas
642 1561 718 1625 erga
736 1544 895 1624 parentes,
919 1561 1056 1623 quorum
1071 1538 1263 1624 Olympiada
1281 1540 1329 1604 in-
1348 1556 1381 1605 3ο

300 1630 493 1695 mortalitati
512 1650 698 1694 consecrare
719 1629 911 1711 decreverat,
934 1628 1124 1714 Philippum
1142 1632 1231 1693 ultus
1251 1632 1328 1713 erat,

301 1720 365 1783 iam
389 1719 422 1781 in
447 1740 558 1783 omues
582 1717 649 1781 1313
673 1718 794 1782 amicos
817 1717 1012 1803 benignitas,
1035 1740 1111 1803 erga
1134 1718 1254 1783 milites
1274 1717 1328 1781 be·
1348 1734 1380 1783 31

300 1809 490 1892 nivolentia,
521 1806 693 1872 consilium
716 1829 776 1891 par
798 1806 1015 1891 magnitudini
1038 1807 1137 1872 animi
1161 1811 1206 1890 et,
1230 1817 1349 1890 quant

260 1900 367 1961 131313
390 1895 446 1959 vix
469 1899 597 1980 poterat
620 1899 707 1960 aetas
732 1897 801 1961 eius
825 1916 947 1980 capere,
972 1897 1125 1976 sollertia,
1147 1897 1262 1961 modus
1281 1896 1328 1959 in·
1347 1912 1381 1961 31

300 1985 499 2050 modicarum
524 1985 752 2068 cupiditatum,
784 1985 908 2048 veneris
932 1986 1016 2048 intra
1039 1985 1186 2049 naturale
1208 1985 1328 2049 deside-

300 2074 386 2138 rium
416 2095 494 2139 usus
522 2095 582 2138 nec
609 2076 677 2138 ulla
699 2073 762 2137 nisi
785 2095 825 2136 ex
848 2074 1007 2157 permisso
1031 2073 1189 2158 voluptas
1206 2072 1327 2159 ingenii

300 2164 448 2247 profecto
473 2162 564 2228 dotes
588 2166 686 2226 erant.
732 2160 795 2227 1113
817 2162 980 2227 fortunae:
1005 2163 1053 2227 dis
1078 2184 1215 2246 aequare
1239 2184 1272 2226 se
1297 2166 1381 2228 3133

302 2252 453 2317 caelestes
478 2252 619 2316 honores
642 2272 805 2316 accersere
829 2255 861 2315 et
884 2252 962 2315 talia
985 2252 1194 2317 suadentibus
1219 2272 1327 2316 oracu-

261 2367 288 2406 ao
301 2341 343 2405 lis
372 2341 499 2405 credere
529 2344 562 2405 et
585 2340 835 2427 dedignantibus
858 2343 1004 2405 venerari
1028 2342 1136 2426 ipsum
1160 2341 1329 2405 vehemen-

301 2429 376 2512 tius,
400 2452 497 2512 quam
520 2452 580 2513 par
603 2434 696 2513 esset,
719 2430 825 2513 irasci,
847 2430 880 2493 in
905 2434 1073 2495 externum
1094 2429 1242 2494 habitum
1260 2452 1328 2495 mu·

301 2521 369 2583 tare
388 2519 532 2603 corporis
551 2521 684 2602 cultum,
703 2519 826 2583 imitari
840 2518 1038 2584 devictarum
1054 2520 1199 2604 gentium
1213 2539 1328 2601 mores,

302 2630 382 2691 quos
415 2613 490 2673 ante
522 2608 692 2673 victoriam
725 2611 898 2692 spreverat.
948 2607 1034 2673 Nam
1067 2609 1266 2674 iracundiam
1296 2610 1329 2671 31
1348 2610 1399 2673 34⁴

301 2697 484 2779 cupidinem
507 2697 577 2762 vini
601 2697 697 2763 sicuti
720 2697 853 2762 iuventa
876 2698 1079 2780 inritaverat,
1111 2698 1157 2760 ita
1180 2699 1328 2762 senectus
1385 2746 1399 2803 ,Ι

260 2811 285 2851 as
299 2788 451 2871 mitigare
481 2786 651 2871 potuisset.
697 2785 882 2849 Fatendum·
908 2790 1102 2867 esttamen,
1132 2807 1205 2849 oum
1229 2785 1328 2869 pluri-
1348 2801 1381 2850 35

375 2948 390 2995 3
405 2943 558 3015 patientia]
573 2942 718 3012 pacientia
727 2948 773 2995 BL
786 2960 822 2997 m.
829 2960 874 3011 pr.
885 2948 941 2995 Pv.
998 2948 1014 2994 6
1029 2942 1156 2995 tribuens
1171 2944 1327 2998 Beothius:

300 3014 453 3068 tribuentis
467 3019 498 3067 Δ.
582 3014 678 3085 73111]
693 3013 770 3067 haud
784 3020 813 3066 P.
899 3013 1043 3067 ademerat
1057 3015 1213 3068 Bentleius:
1229 3014 1328 3068 ecdem

302 3088 363 3139 erat
381 3090 410 3152 P,
429 3085 606 3140 eademserat
625 3093 651 3139 0.
732 3090 748 3138 8
766 3084 871 3155 metus]
892 3085 974 3139 datus
993 3090 1023 3137 V.
1107 3091 1122 3138 9
1143 3084 1327 3156 contemptio]

301 3155 445 3211 contentio
464 3161 519 3211 ΕΡ.
594 3161 628 3211 10
646 3156 676 3209 13
694 3156 797 3210 iuvene
815 3158 937 3225 Ieepe'us:
962 3158 995 3209 ut
1013 3155 1110 3209 iuueni
1127 3161 1159 3209 Δ.
1232 3156 1327 3227 negle-

300 3228 395 3298 genda
408 3229 519 3297 scrrpsi:
535 3244 588 3282 nec
602 3227 800 3281 amittendaA.
867 3233 899 3281 11
911 3225 1083 3296 Olympiada
1092 3233 1113 3280 B
1123 3245 1157 3281 m.
1168 3244 1231 3282 ace:
1247 3227 1328 3280 olim-

301 3299 389 3369 piada
407 3303 438 3351 Δ.
529 3298 743 3370 inmortalitati]
766 3296 972 3353 inmortalitate
990 3304 1018 3353 P.
1111 3304 1144 3352 11
1165 3314 1328 3353 consecrare

302 3371 464 3424 decreverat
495 3372 711 3424 consecrauerat
724 3375 753 3423 P.
813 3369 891 3423 ultus
917 3370 1015 3422 uultus
1030 3375 1051 3422 P
1064 3387 1098 3423 m.
1110 3387 1155 3439 pr.
1220 3369 1328 3423 16331-

299 3440 394 3512 lertia]
421 3459 451 3495 so
476 3440 576 3495 3111313
595 3447 629 3508 B,
656 3441 772 3496 solertia
794 3447 827 3503 Ρ,
854 3440 985 3495 solercia
1007 3447 1027 3493 Ι.
1051 3458 1086 3494 m.
1101 3459 1146 3511 pr.
1227 3441 1327 3495 modus

299 3514 409 3568 1133331
424 3514 540 3566 modum
554 3518 585 3566 Δ,
638 3517 671 3566 11
686 3512 795 3583 ingenii
809 3513 970 3567 Acidaliae:
985 3512 1115 3582 ingentes
1130 3517 1161 3565 Δ.
1218 3518 1328 3581 181113-

299 3584 387 3655 fecto]
406 3583 550 3653 praefecto
565 3590 593 3638 P.
649 3585 741 3707 3133111
756 3586 819 3638 3131
832 3590 860 3637 P.
928 3582 971 3637 dis
991 3584 1123 3655 aequare]
1144 3583 1187 3637 dis
1207 3599 1328 3656 aequare

300 3662 368 3709 Pm.
380 3673 425 3725 pr.
500 3660 534 3709 10
554 3654 722 3725 dedignanti
742 3655 787 3726 us]
808 3654 1017 3709 declinantibus
1036 3660 1064 3707 L.
1151 3660 1184 3708 11
1204 3654 1327 3725 mutare]

299 3728 408 3780 matare
422 3732 442 3777 P
455 3744 490 3780 m.
501 3744 557 3796 pr,
570 3726 673 3780 1311313
687 3733 707 3779 L
721 3744 756 3780 m.
766 3743 814 3795 pr.
876 3731 911 3778 11
925 3725 1044 3797 11311311]
1059 3726 1186 3779 himiteri
1200 3732 1220 3778 P
1235 3744 1268 3779 m.
1280 3743 1326 3794 pr.

301 3803 333 3850 13
354 3814 424 3866 quos
444 3804 469 3850 1:
490 3815 561 3866 quas
580 3802 610 3851 Δ.
684 3803 719 3850 14
738 3797 796 3850 vini
815 3796 911 3868 sicuti]
930 3796 1013 3851 uinis·
1025 3798 1100 3851 couti
1119 3802 1147 3850 P.
1221 3796 1275 3868 ita]
1294 3800 1328 3851 ut

301 3874 406 3923 aBm.
417 3887 462 3938 pr.
565 3929 570 3941 Ι
