3150 4459
314 415 379 480 366
695 415 726 481 Q.
746 414 857 471 GURTI
875 415 962 470 RUFI

314 579 396 644 Inde
418 578 616 660 Baqistaum
644 581 804 662 inqressus
832 584 888 658 est,
917 580 1073 661 reqianem
1104 580 1299 661 opulentam
1329 586 1355 646 et

313 668 525 733 abundantem
552 668 700 733 arborum
729 688 857 733 amaena
887 668 1066 749 etfecunda
1087 669 1156 751 fetu
1179 672 1355 753 ceterisque

313 757 359 821 ad
388 759 471 822 uitae
501 778 565 822 nan
595 778 688 823 usum
720 757 823 837 mado,
853 778 960 823 uuum
988 759 1083 823 etiam
1110 757 1354 826 delectationum

306 846 543 929 pertinentibus.
610 846 729 912 &auis
764 848 847 911 iuter
882 846 957 911 baec
991 847 1133 912 Eumeni
1168 868 1248 913 cum
1287 850 1354 914 Hc

305 936 490 1019 pbaestioue
515 936 661 1001 simultas
685 936 848 1000 inciderat.
903 936 992 1000 Nam
1023 956 1125 1002 sernas
1147 936 1318 1004 Eumenis
1339 958 1354 1003 e

241 1070 243 1074 ,
313 1026 493 1104 deuersoria,
516 1025 600 1107 quod
610 1046 672 1107 pra
687 1026 813 1090 domino
826 1045 882 1090 suo
900 1030 1132 1108 occupauerant,
1150 1025 1352 1108 Hephaestio

222 1166 225 1171 ,
306 1114 514 1197 proturbavit,
531 1120 567 1179 ut
584 1115 691 1180 Maian
709 1114 820 1178 tibicen
839 1134 871 1179 eo
889 1115 1082 1197 reciperetur.
1119 1114 1234 1197 Neque
1252 1117 1352 1182 multa

306 1210 388 1285 post,
411 1224 480 1268 cum
503 1206 571 1268 iarn
594 1206 697 1286 sopita
719 1205 793 1268 adia
815 1203 1001 1283 riderentur,
1024 1225 1106 1269 naua
1128 1209 1200 1268 orta
1226 1212 1351 1271 conten

312 1295 396 1358 tione
422 1293 499 1358 adeo
527 1294 762 1371 recruduerant,
794 1298 830 1357 ut
856 1294 952 1357 etiam
980 1295 1016 1357 in
1038 1299 1128 1358 atron
1151 1294 1353 1375 iurqiumel

313 1383 424 1447 camba
445 1383 601 1463 utrimque
624 1384 763 1447 canania
780 1388 1043 1463 prorumperent:
1073 1380 1137 1448 Sed
1154 1381 1350 1449 'Alexandri

312 1473 527 1536 intercessione
545 1472 735 1555 imperiaque
752 1472 941 1535 inimicitiae
956 1472 1066 1536 saltem
1084 1472 1120 1536 in
1137 1474 1276 1553 speciem
1297 1474 1350 1537 ab

313 1561 408 1625 alitae
433 1566 519 1638 sunt,
549 1580 619 1625 cum
646 1561 700 1625 ille
721 1561 948 1642 Hephaestioni
975 1562 1070 1625 etiam
1093 1561 1240 1627 minatus
1263 1568 1349 1645 esset,

313 1653 368 1732 qui
390 1652 426 1713 in
448 1670 574 1715 summa
596 1651 679 1731 repis
698 1652 807 1732 qratia
828 1650 1001 1714 Eumenem
1024 1650 1168 1731 quamuis
1191 1653 1349 1734 cupidum

313 1740 576 1804 reconciliationis
592 1740 792 1822 pertinacius
813 1739 1024 1803 aversabatur.

383 1827 570 1893 Perventum
590 1830 700 1893 deinde
717 1830 816 1893 estin
830 1828 961 1892 Mediae
979 1848 1112 1911 campas,
1132 1827 1188 1892 ubi
1206 1831 1349 1895 manimi

313 1939 460 2000 equorum
490 1938 595 2001 qreqes
627 1918 808 1983 alebantur:
847 1917 982 1983 Nisaeos
1014 1917 1185 1999 appellant,
1220 1920 1349 2002 maqni·

313 2008 422 2071 tudine
449 2013 476 2072 et
501 2008 600 2089 specie
626 2009 772 2089 insiqnes.
820 2005 901 2072 Plus
926 2007 1156 2088 quinquaqinta
1179 2007 1277 2072 milia
1301 2008 1348 2073 rbi

312 2102 435 2178 reperta
453 2116 524 2175 esse,
543 2116 613 2161 curn
630 2096 812 2161 Aleuandcr
829 2117 862 2161 eo
881 2097 1037 2176 transiret,
1056 2117 1076 2160 a
1095 2096 1262 2162 comitibus
1279 2099 1348 2163 eius

314 2188 499 2250 adnotatum
521 2191 581 2250 est:
604 2186 679 2250 alim
703 2185 856 2268 triplicem
874 2205 1038 2250 numerum
1056 2185 1162 2266 fuisse,
1185 2186 1244 2249 sed
1263 2188 1348 2251 inter

315 2274 463 2339 bellarum
494 2275 602 2340 turbas
624 2276 801 2339 maalmam
824 2295 929 2339 aarum
948 2272 1073 2358 partem
1089 2274 1271 2356 praedones
1294 2276 1349 2341 ab·

315 2366 419 2445 eqisse.
456 2362 512 2427 Aa
534 2365 665 2446 triqinta
688 2365 754 2429 dies
775 2364 821 2427 ibi
844 2364 980 2429 substitit
998 2384 1062 2429 reu.
1098 2363 1149 2428 Ea
1167 2365 1348 2446 Atraqrates,

314 2454 446 2517 Mediae
463 2458 612 2535 satrapes,
631 2458 751 2517 eamn
770 2453 923 2517 barbaras
942 2453 1086 2517 mulieres
1104 2452 1242 2517 adducit
1260 2455 1346 2535 equi·

314 2544 406 2607 tandi
429 2544 551 2623 peritas
574 2542 725 2624 peltisque
750 2548 780 2606 et
805 2544 962 2607 securibus
985 2547 1138 2607 armatas:
1168 2543 1255 2607 unde
1277 2546 1348 2625 qui·

315 2634 389 2695 darn
422 2632 617 2695 crediderunt
647 2632 847 2696 Amazonum
877 2653 914 2696 en
941 2637 1030 2714 qente
1056 2632 1209 2712 rdiquias
1236 2634 1346 2713 flasse.

315 2720 464 2802 Septimis
483 2722 593 2785 deiude
611 2722 723 2785 castris
736 2720 912 2800 Ecbatana,
932 2719 1063 2785 Mediae
1076 2725 1177 2801 caput,
1191 2723 1346 2800 peruenit.

315 2811 369 2875 Ibi
391 2810 555 2874 sollemnia
583 2811 634 2875 dis
659 2811 820 2891 sacrificia
840 2811 914 2890 feeit
936 2810 1083 2890 ludosque
1105 2810 1203 2873 edidit
1223 2816 1254 2873 et
1276 2830 1345 2875 cau

314 2900 409 2963 ciniis
424 2900 571 2980 festisque
593 2900 701 2963 diebus
719 2900 842 2963 lanaait
859 2902 1012 2977 animum,
1035 2904 1071 2962 nt
1088 2900 1133 2962 ad
1149 2919 1231 2962 nava
1250 2920 1346 2980 opera

315 2989 453 3052 ualidior
480 2995 562 3053 esset.
618 2988 682 3053 Sed
707 2990 770 3053 ista
797 2988 963 3053 uoluentem
992 2989 1075 3052 uelut
1100 2988 1217 3051 iniecta
1245 3009 1347 3053 manu

313 3078 417 3159 fatum
455 3078 519 3141 alio
558 3079 657 3142 traait
688 3080 846 3158 uitamque
877 3079 1040 3142 carissima
1072 3078 1246 3141 amicorum
1279 3080 1348 3143 eius

314 3187 411 3247 neque
440 3166 535 3232 multa
560 3172 634 3249 post
659 3168 723 3248 ipsi
750 3188 867 3248 quaque
892 3169 959 3249 reqi
987 3167 1109 3247 eripuit.
1160 3165 1282 3232 Pueros
1309 3170 1346 3232 in

314 3256 417 3320 stadio
436 3262 585 3321 certantes
602 3256 765 3338 spectabat,
784 3277 855 3321 curn
873 3258 1054 3320 nuntiatum
1073 3260 1117 3319 est
1135 3255 1262 3337 deficere
1280 3256 1347 3320 He·

313 3346 537 3428 pbaestionem,
569 3347 624 3426 qui
650 3366 688 3410 ec
715 3346 848 3427 crapula
869 3348 1035 3424 septimum
1059 3346 1125 3407 iane
1149 3345 1231 3408 diem
1255 3365 1347 3427 aeqer

315 3433 453 3498 cubabat.
503 3434 684 3499 Exterritus
715 3437 812 3507 amici
837 3435 979 3516 puiculo
1010 3434 1118 3499 statim
1150 3435 1288 3499 surrexit
1317 3440 1348 3499 et

317 3526 360 3587 ud
391 3524 560 3604 nospitium
593 3526 659 3588 eius
692 3525 828 3588 celeriter
859 3545 891 3589 se
923 3524 1058 3587 contulit.
1104 3522 1212 3604 Neque
1240 3527 1347 3588 tamen

310 3614 406 3696 prins
429 3634 462 3676 eo
482 3615 630 3693 peruenit,
660 3634 756 3694 quam
779 3613 871 3678 illum
894 3632 978 3677 mars
1001 3613 1168 3694 occupauit.
1214 3611 1258 3675 Id
1279 3614 1348 3695 reqi

316 3704 470 3780 omnium,
499 3722 578 3782 quae
600 3704 637 3766 in
659 3704 726 3766 uita
744 3703 930 3783 pertulerat,
961 3702 1162 3766 adversarum
1185 3702 1346 3767 luctuosis·

315 3793 431 3857 simum
455 3791 605 3855 accidisse
629 3797 744 3856 certum
761 3791 891 3857 babetur
909 3811 1036 3872 eumque
1054 3791 1274 3871 maqnitudine
1292 3792 1346 3856 do·
