3150 4459
496 423 750 479 HISTORIARUM
768 423 985 479 ALEXANDRI
1004 426 1038 493 X,
1058 430 1082 480 ⁷.
1097 430 1125 483 8.
1255 423 1320 488 381

295 588 481 653 abducendo
511 589 637 672 equites
665 587 833 672 abrupisse
861 582 890 651 a'
904 591 1010 653 cetero
1035 587 1179 653 exercitu
1201 580 1344 651 videre?

294 681 357 761 tur,
379 679 415 742 in
437 678 518 742 urbe
542 676 699 742 subsistit.
1313 673 1316 679 ’

240 773 279 827 25
361 765 407 830 At
424 765 587 852 Meleager
604 787 713 852 regem
733 786 863 831 monere
882 788 948 830 non
966 765 1100 849 destitit,
1119 765 1169 829 ius
1190 763 1318 849 imperii
1333 766 1399 825 vm

294 855 465 922 Perdiccae
493 858 598 920 morte
626 855 832 920 sanciendum
861 876 943 919 esse:
974 854 1008 918 ni
1032 858 1208 938 occupetur
1230 854 1322 937 inpo-

268 948 366 1010 stens
390 945 525 1028 animus,
548 966 600 1008 res
622 947 826 1008 novaturum.
865 942 1051 1008 Meminisse
1075 966 1157 1027 eum,
1181 943 1259 1027 quid
1282 942 1321 1005 de
1348 1001 1349 1004 ,

294 1054 369 1119 rege
400 1033 584 1115 meruisset,
615 1033 776 1097 neminem
808 1037 915 1097 autem
946 1033 975 1096 ei
1006 1032 1085 1097 satis
1112 1032 1213 1097 fidum
1243 1053 1320 1115 esse,

295 1144 390 1205 quem
422 1125 552 1187 metuat.
599 1121 670 1187 Rex
699 1122 884 1206 patiebatur
912 1122 1017 1207 magis
1045 1144 1141 1205 quam
1166 1121 1356 1185 adsentiar

294 1211 403 1275 batur:
434 1213 543 1295 itaque
565 1210 728 1296 Meleager
758 1210 924 1275 silentium
954 1233 1013 1295 pro
1042 1210 1177 1294 imperio
1207 1209 1321 1274 habuit

294 1301 447 1384 misitque
469 1301 557 1386 regis
580 1300 721 1384 nomine,
745 1302 799 1384 qui
824 1299 1009 1365 Perdiccam
1033 1303 1239 1364 accerserent.
1276 1296 1343 1362 Is-v

255 1416 281 1455 ro
296 1390 368 1454 dem
387 1390 584 1472 mandatum,
603 1393 640 1453 ut
659 1388 849 1472 occiderent,
869 1389 897 1454 si
915 1389 1023 1454 venire
1043 1388 1213 1453 dubitaret.
1246 1388 1320 1452 Per·
1339 1404 1355 1452 3

295 1477 384 1542 dicca
398 1479 546 1543 nuntiato
563 1479 740 1543 satellitum
755 1479 895 1542 adventu
910 1477 1049 1545 sedecim
1064 1479 1195 1542 omuino
1212 1477 1320 1561 pueris

295 1566 402 1652 regiae
430 1568 572 1634 cohortis
601 1568 775 1632 comitatus
803 1567 838 1630 in
864 1567 976 1632 limine
1005 1568 1119 1631 domus
1148 1589 1224 1632 suae
1248 1588 1321 1631 con-

295 1656 381 1721 stitit
404 1657 643 1742 castigatosque
667 1661 699 1721 et
717 1656 873 1742 Meleagri
892 1657 1052 1740 mancipia
1069 1656 1246 1720 identidem
1268 1678 1321 1739 ap·

294 1749 418 1829 pellens
447 1747 494 1811 sic
520 1746 620 1810 animi
645 1747 820 1828 vultusque
839 1747 1022 1809 constantia
1044 1746 1174 1829 terruit,
1206 1745 1321 1808 utrix

253 1861 279 1901 11
294 1835 412 1899 mentis
431 1838 596 1917 compotes
616 1835 768 1919 fugerint.
805 1834 958 1899 Perdicca
976 1856 1096 1918 pueros
1110 1856 1210 1918 equos
1225 1834 1321 1897 iussit
1340 1848 1357 1898 4

295 1923 507 1987 conscendere
538 1927 570 1987 et
600 1945 674 1986 cum
703 1924 816 2008 paucis
848 1923 1024 1987 amicorum
1054 1923 1095 1987 ad
1118 1922 1320 1987 Leonnatum

294 2013 456 2096 pervenit,
479 2012 544 2075 iam
567 2012 709 2076 firmiore
732 2012 893 2096 praesidio
917 2013 984 2077 vim
1006 2012 1269 2097 propulsaturus,
1293 2011 1321 2075 si

296 2102 369 2184 quis
401 2102 542 2165 inferret.
598 2100 733 2165 Postera
764 2101 816 2165 die
849 2100 982 2187 indigna
1014 2122 1065 2165 res
1089 2100 1320 2167 Macedonibus
1340 2108 1379 2165 o'

294 2190 477 2271 videbatur,
501 2189 687 2254 Perdiccam
716 2191 756 2254 ad
786 2192 902 2255 mortis
931 2189 1123 2274 periculum·
1138 2190 1321 2273 adductum,

253 2306 280 2345 so
294 2283 328 2342 et
350 2278 505 2364 Meleagri
532 2280 747 2343 temeritatem
775 2277 873 2343 armis
900 2281 1007 2344 ultum
1034 2280 1081 2343 ire
1105 2280 1321 2344 decreverant.

296 2392 368 2426 *as*
397 2367 506 2452 Atque
530 2369 585 2433 ille
608 2368 766 2432 seditione
789 2369 932 2451 provisa,
964 2389 1038 2432 cum
1062 2390 1171 2454 regem
1194 2369 1321 2451 adisset,
1340 2384 1356 2433 o

295 2456 495 2543 interrogare
519 2479 593 2521 eum
612 2458 728 2541 coepit,
752 2480 794 2521 an
808 2456 992 2521 Perdiccam
1012 2457 1231 2542 conprehendi
1252 2458 1321 2541 ipse

295 2545 450 2609 iussisset.
487 2544 547 2611 Ille
568 2546 724 2633 Meleagri
746 2546 906 2612 instinctu
930 2568 963 2611 se
986 2546 1117 2612 iussisse
1140 2547 1320 2630 respondit:

241 2659 243 2661 ’
296 2638 436 2698 ceterum
466 2656 532 2698 non
563 2635 679 2700 debere
708 2637 897 2700 tumultuari
931 2657 998 2701 eos:
1021 2634 1207 2701 Perdiccam
1235 2634 1322 2699 enim

241 2723 410 2788 26111111.
473 2722 579 2809 Igitur
622 2724 772 2790 contione
809 2724 942 2789 dimissa
977 2723 1139 2810 Meleager
1175 2723 1356 2807 equitum'l

256 2838 282 2879 se
296 2813 434 2877 maxime
472 2813 652 2878 defectione
689 2814 880 2898 perterritus
917 2815 1078 2897 inopsque
1115 2814 1242 2879 consilii
1281 2850 1318 2858 —

296 2903 417 2985 quippe
449 2902 484 2966 iu
516 2901 623 2987 ipsum
653 2902 832 2985 periculum
856 2902 1045 2984 recciderat‚
1079 2902 1166 2985 quod
1190 2901 1320 2966 inimico

369 3047 383 3094 1
404 3042 581 3113 abducendo]
596 3038 769 3096 'adducendo
788 3047 822 3108 P,
846 3041 993 3096 haucendo
1013 3048 1082 3095 Lm.
1095 3059 1138 3111 pr.
1235 3047 1250 3093 3
1272 3041 1320 3112 at]

297 3111 334 3164 ad
352 3117 409 3164 Pv.
464 3114 589 3184 monere]
608 3129 724 3167 munere
738 3117 783 3164 PL
799 3131 833 3166 m.
843 3131 889 3182 pr.
905 3118 932 3167 P.
988 3113 1112 3183 imperii]
1131 3112 1280 3180 imperium
1294 3118 1320 3166 0.

295 3182 526 3255 4sanciendum]
546 3184 727 3237 sentiendum
745 3191 772 3237 L.
846 3184 877 3237 ni
897 3183 1026 3239 Medius:
1045 3199 1081 3237 ne
1096 3189 1126 3236 Δ.
1200 3188 1321 3236 51011-

294 3256 391 3306 turum
416 3254 543 3309 Modica:
571 3262 740 3309 nouatorum
763 3260 794 3308 Δ.
878 3255 959 3326 quid]
988 3255 1038 3324 qui
1056 3261 1085 3308 P.
1183 3255 1325 3326 lquem]

296 3341 382 3393 quam
407 3330 434 3378 P.
525 3326 701 3398 patiebatur]
727 3326 896 3395 paciebatur
920 3331 973 3379 ΒΡ.
1084 3325 1260 3394 emisitque
1289 3334 1318 3378 οε

295 3396 374 3450 misit
392 3401 420 3448 P.
512 3397 573 3468 qui]
592 3414 642 3452 om.
658 3403 685 3450 P.
779 3402 813 3450 10
833 3396 989 3469 dubitaret]
1009 3397 1172 3451 dubitarent
1191 3403 1262 3452 vm.
1274 3414 1319 3465 pr.

297 3473 329 3520 11
349 3467 493 3538 nuntiato]
508 3468 643 3522 nunciato
657 3474 685 3521 P.
742 3475 776 3522 13
795 3467 951 3539 mancipia]
970 3469 1108 3537 mantipia
1120 3474 1148 3522 1..
1206 3474 1321 3522 14111-

296 3538 414 3609 stantia]
434 3540 576 3593 constatis
593 3546 621 3592 P.
682 3545 716 3592 15
734 3554 837 3607 pueros
856 3541 963 3594 Lauer:
983 3540 1078 3608 pueris
1097 3545 1127 3593 Δ.
1191 3545 1223 3593 16
1244 3540 1319 3610 cum]

280 3626 350 3664 -con
363 3615 391 3662 P.
448 3616 480 3663 17
496 3610 629 3681 firmiore]
645 3610 768 3664 firmiora
781 3616 802 3662 P
817 3628 908 3679 11111.
922 3616 943 3662 1.
956 3628 991 3666 m.
1005 3629 1047 3679 pr.
1058 3617 1086 3665 P.
1142 3615 1176 3664 20
1192 3611 1320 3665 decreve-

297 3683 373 3750 1111]
389 3680 553 3735 decreuerat
567 3688 595 3735 P.
623 3684 692 3737 Post
704 3684 754 3736 boc
768 3683 879 3736 emtum
893 3683 1029 3751 quaedum
1042 3683 1173 3737 eccidisse
1187 3685 1320 3750 existimo.

249 3766 253 3773 ’
297 3756 331 3804 25
351 3752 495 3823 contione]
511 3752 645 3807 concione
658 3759 689 3807 V.
754 3758 788 3806 26
804 3754 982 3825 perterritus]
997 3754 1164 3822 perterritur
1177 3759 1204 3806 P.
1277 3752 1321 3806 in-

297 3824 414 3893 opsque]
434 3823 573 3893 inobsque
591 3830 646 3881 PP.
720 3829 753 3877 27
772 3824 941 3895 recciderat]
959 3824 1100 3879 reciderat
1119 3829 1147 3878 B.
