3150 4459
484 431 737 486 HISTORIARUM
757 430 971 486 ALEXANDRI
990 429 1048 500 1111,
1069 442 1092 489 9.
1258 430 1300 494 73

275 602 391 663 atuum
424 597 684 680 sarcinarumque
721 596 842 661 maiore
872 601 963 682 perte
996 597 1143 683 deposita
1174 597 1299 681 Lycum

276 710 407 753 amnem
435 689 534 771 ponte
562 686 668 750 iunxit
700 690 732 749 et
759 708 818 770 per
847 685 914 751 dies
943 688 1084 772 quinque
1113 688 1196 752 sicut
1224 690 1299 751 ante

277 776 468 862 Euphraten
505 776 632 840 traiecit
668 776 852 840 exereitum.
912 775 990 841 Inde
1028 778 1196 863 octoginta
1231 777 1299 841 fere
1320 792 1353 840 10

278 866 383 931 stadia
405 887 596 951 progressus
620 864 660 929 ad
679 865 817 929 alterum
841 888 968 932 amnem
995 905 1032 913 -
1058 865 1216 931 Boumelo
1240 888 1299 931 no-

249 978 352 1021 smen
376 960 425 1020 est
451 994 492 1000 -
516 958 621 1019 castra
644 954 762 1037 posuit.
809 953 1002 1040 Opportuna
1025 955 1223 1040 explicandis
1248 978 1298 1020 co-

276 1044 339 1129 piis
357 1044 449 1131 regio
469 1047 546 1127 erat,
569 1043 754 1127 equitabilis
773 1048 807 1108 11
825 1049 916 1109 11111
933 1044 1098 1130 planities:
1114 1068 1162 1110 ne
1182 1047 1298 1130 stirpes

276 1134 408 1219 quidem
441 1137 475 1199 et
507 1132 617 1198 brevia
645 1133 788 1219 virgulta
821 1135 973 1218 operiunt
1005 1136 1121 1217 solum,
1152 1134 1298 1219 liberque

275 1228 467 1308 prospectus
483 1223 650 1288 oculorum
666 1223 762 1287 etiam
782 1225 822 1288 ad
841 1246 886 1308 ea,
907 1246 988 1307 quae
1002 1225 1117 1308 procul
1131 1247 1298 1308 recessere,

275 1313 488 1397 permittitur:
526 1316 636 1397 atque,
673 1312 700 1377 si
733 1335 797 1396 qua
830 1314 935 1398 campi
968 1315 1166 1397 eminebant,
1204 1315 1298 1380 iussit

235 1431 261 1470 1e
275 1402 409 1487 aequari
432 1405 603 1486 totumque
625 1400 792 1487 fastigium
818 1404 954 1467 extendi.

222 1498 259 1554 17
344 1490 540 1570 Alexandro,
568 1491 625 1574 qui
647 1513 817 1556 numerum
841 1493 1008 1575 copiarum
1032 1493 1111 1574 eius,
1139 1497 1296 1577 quantum
1318 1510 1349 1557 11

273 1581 391 1665 procul
424 1581 598 1646 coniectari
630 1584 770 1664 poterat,
802 1581 1032 1665 aestimabant,
1065 1583 1119 1646 vix
1151 1583 1298 1647 1111111111

273 1670 374 1736 fidem
396 1674 448 1735 tot
467 1670 599 1735 milibus
621 1670 721 1735 caesis
740 1671 878 1736 maiores
903 1672 1012 1755 copias
1037 1694 1105 1738 esse
1124 1677 1296 1757 reparatas.

275 1758 428 1825 Ceterum
456 1760 561 1825 omnis
588 1758 726 1845 periculi
754 1763 786 1823 et
813 1761 953 1825 maxime
976 1761 1194 1841 multitudinis
1223 1784 1296 1827 con·
1317 1779 1349 1826 11

233 1878 259 1919 rs
273 1854 418 1935 temptor
458 1848 637 1914 undecimis
679 1848 794 1913 eastris
837 1850 878 1914 111
913 1850 1106 1935 Euphraten
1142 1854 1296 1935 pervenit.

274 1938 347 2017 Quo
377 1939 533 2024 pontibus
563 1938 674 2004 iuncto
705 1939 830 2024 equites
861 1939 983 2024 primos
1016 1941 1071 2024 ire,
1101 1940 1295 2027 phalangem

273 2030 367 2113 sequi
390 2028 482 2094 iubet
499 2028 638 2111 Menace,
661 2029 717 2112 qui
741 2029 781 2093 ad
800 2028 1010 2094 inhibendum
1030 2031 1203 2096 transitum
1228 2032 1296 2097 eius

273 2142 349 2185 cum
378 2142 434 2183 1111
457 2118 589 2183 milibus
618 2119 763 2201 equitum
788 2123 985 2205 occurrerat,
1013 2142 1079 2184 non
1107 2143 1184 2185 auso
1213 2124 1297 2206 peri-

273 2208 384 2273 culum
407 2207 458 2273 sui
481 2209 595 2273 facere.
640 2206 755 2274 Paucis
776 2208 889 2273 deinde
912 2231 978 2273 non
1001 2210 1042 2273 111
1066 2210 1217 2294 quietem,
1241 2212 1349 2276 111111

232 2326 259 2366 11
272 2298 314 2363 ad
344 2298 582 2382 praeparandos
614 2297 740 2361 animos
773 2298 886 2364 diebus
919 2299 1003 2363 datis
1036 2300 1134 2364 militi
1167 2304 1296 2365 strenue

271 2387 401 2452 hostem
425 2387 552 2471 insequi
576 2388 682 2471 coepit
705 2391 861 2472 metuens,
888 2411 929 2453 ne
953 2388 1107 2453 interiora
1129 2389 1222 2475 regni
1246 2391 1296 2456 sui

271 2481 398 2561 peteret
428 2476 672 2560 sequendusque
703 2481 786 2542 esset
816 2499 873 2562 per
902 2478 974 2542 loca
1003 2480 1092 2543 omni
1120 2478 1295 2544 solitudine

272 2572 371 2651 atque
395 2566 506 2650 inopia
532 2569 631 2630 11111.
677 2564 783 2651 igitur
811 2569 1065 2651 quartodecimo
1094 2568 1145 2632 die
1168 2573 1296 2653 praeter
1316 2585 1349 2632 14

271 2655 462 2722 Armeniam
485 2659 632 2739 penetrat
660 2656 699 2719 ad
723 2654 846 2741 Tigrin.
892 2655 975 2720 Tota
997 2656 1088 2743 regio
1117 2659 1202 2723 ultra
1231 2682 1295 2724 am-

231 2775 256 2815 11
270 2767 346 2810 nem
369 2745 491 2810 recenti
513 2744 661 2809 fumabat
684 2744 847 2811 incendio:
872 2746 993 2830 quippe
1016 2745 1176 2831 Mazaeus,
1199 2770 1294 2831 quae-

271 2856 411 2918 cumque
435 2834 569 2918 adierat,
596 2834 683 2898 haud
707 2857 798 2899 secus
828 2857 925 2917 quam
947 2836 1052 2901 hostis
1076 2837 1197 2902 urebat.
1242 2837 1295 2905 Ac
1315 2853 1347 2901 11

270 2925 376 3008 primo
393 2923 540 3010 caligine,
559 2945 655 3009 quam
669 2924 778 2988 fumus
795 2924 958 3002 effuderat,
978 2924 1169 2990 obscurante
1187 2929 1294 2992 lucem

271 3013 463 3078 insidiarum
483 3016 572 3078 metu
591 3013 747 3097 substitit,
771 3013 885 3078 deinde
909 3019 945 3079 ut
965 3014 1180 3098 speculatores
1205 3039 1293 3100 prae-

272 3104 364 3168 missi
396 3105 468 3167 tuta
500 3104 610 3167 omnia
640 3103 886 3185 nuntiaverunt,
919 3126 1039 3188 paucos
1072 3105 1219 3188 equitum
1253 3107 1293 3171 ad

345 3260 644 3333 tLycum]licum1..
714 3259 884 3328 tplanities
899 3267 924 3314 1:
944 3260 1081 3331 planicies
1097 3267 1126 3315 Δ.
1193 3269 1293 3333 'iope-

269 3331 360 3404 riunt]
379 3332 492 3401 operuit
510 3339 529 3384 P
547 3351 582 3387 m.
593 3350 638 3401 pr.
712 3337 729 3385 8
748 3331 784 3385 ad
805 3333 850 3404 ea]
869 3349 919 3388 om.
935 3337 963 3388 P.
1037 3341 1052 3387 9
1073 3337 1158 3403 atque
1180 3337 1291 3405 scripsi:

270 3405 368 3473 itaque
394 3407 425 3456 Δ.
518 3409 550 3457 13
574 3405 731 3474 reparatas]
756 3406 901 3473 reperatas
922 3409 952 3458 V.
1046 3411 1079 3458 14
1105 3409 1290 3479 contemptor]

270 3477 430 3531 contemtor
446 3481 475 3530 P.
558 3481 590 3528 17
610 3475 725 3529 Mazaeo
744 3476 848 3531 Altius:
868 3493 963 3530 maneo
982 3481 1013 3531 Δ.
1094 3477 1291 3551 inhibendum]

270 3546 428 3602 hibendum
445 3553 514 3602 Pm.
525 3564 571 3616 pr.
586 3552 606 3599 1.
620 3565 654 3601 11.
665 3564 711 3616 pr,
786 3552 819 3601 18
838 3547 1006 3620 pericnlum]
1026 3549 1151 3618 periculo
1165 3556 1186 3602 P
1200 3569 1234 3604 11.
1245 3569 1291 3621 pr.

270 3625 304 3673 23
323 3620 426 3687 quarto
450 3618 573 3674 decimo
592 3620 744 3673 Kimbius:
771 3622 871 3687 quarto
886 3625 916 3674 Δ.
1027 3620 1084 3703 die]
1104 3621 1139 3675 de
1157 3628 1178 3674 P
1195 3640 1291 3692 1111.

270 3698 304 3745 24
332 3689 497 3745 Armeniam
526 3691 713 3745 Muetaellius:
743 3690 840 3744 arbela
863 3696 893 3746 A,
1003 3692 1111 3763 Tigrin]
1141 3694 1237 3763 tygrin
1266 3699 1290 3746 c.

269 3768 303 3817 26
322 3763 456 3816 Mazaeus
475 3762 578 3817 Aldus:
602 3779 715 3815 mazeus
734 3767 763 3815 Δ.
846 3769 879 3816 28
899 3762 1039 3834 substitit]
1059 3763 1189 3818 subsistit
1207 3771 1236 3817 P.

269 3833 431 3906 praemissi]
450 3833 608 3903 premisit.
