3150 4459
309 428 371 493 168
440 396 442 399 ’
685 429 716 493 o.
736 428 846 482 cosm
864 428 950 482 aum

306 595 431 675 vorant,
463 614 558 677 posse
591 593 735 672 retineri,
768 596 897 679 gentem
931 615 1021 657 suam
1055 593 1213 658 dedidere.
1261 593 1333 658 Rex

306 680 475 745 obsidibus
499 681 637 765 acceptis
660 681 816 747 Phradati
839 704 951 767 parere
976 705 1029 747 eos
1053 683 1155 747 iussit.

253 786 288 834 22
374 769 453 834 Indo
483 772 597 854 quinto
622 771 673 836 die
700 772 735 835 in
763 771 881 837 stativa
903 772 1083 835 revertitur.
1130 771 1332 837 Artabazum
1349 780 1383 834 18

307 860 420 924 deinde
451 862 614 946 geminato
644 860 781 946 honore,
818 882 915 944 quem
944 860 1069 925 Dareus
1101 861 1260 926 habuerat
1292 864 1333 945 ei,

306 948 444 1013 remitt't
472 950 611 1015 domum.
661 947 730 1013 Iam
760 950 801 1013 ad
828 951 941 1014 urbem
971 949 1166 1034 Hyrcaniae,
1196 951 1231 1014 in
1265 973 1332 1034 qua
1360 979 1371 1019 s

306 1039 395 1125 regia
417 1038 515 1103 Darei
537 1039 610 1124 fuit,
632 1043 764 1103 ventum
789 1043 869 1103 erat:
898 1038 944 1102 ibi
967 1039 1172 1104 Nabarzanes
1196 1045 1332 1123 accepta

252 1127 368 1192 aalide
393 1129 533 1193 occurrit
553 1128 638 1193 dona
659 1128 807 1215 ingentia
828 1128 943 1194 ferens.
989 1127 1078 1193 Inter
1101 1150 1182 1212 quae
1201 1128 1333 1215 Bagoas

305 1220 383 1300 erat,
407 1218 512 1300 specie
536 1218 694 1303 singulari
717 1217 818 1301 spado
842 1221 939 1301 atque
969 1219 1098 1303 inipso
1122 1219 1200 1282 flore
1223 1219 1333 1301 pueri·

305 1305 378 1390 tiae,
402 1307 455 1371 cui
478 1311 510 1370 et
532 1306 658 1373 Dareus
680 1308 835 1373 adsuerat
858 1311 890 1371 et
912 1329 988 1371 mox
1012 1307 1195 1371 Alexander
1217 1308 1333 1372 adsue·

305 1395 366 1461 vit:
390 1395 523 1479 eiusque
537 1396 677 1460 maxime
698 1396 849 1480 precibus
864 1400 972 1461 motus
986 1396 1169 1460 Nabarzani
1192 1397 1332 1483 ignovit.
1349 1427 1373 1465 ro

251 1502 286 1551 24
373 1484 462 1568 Erat,
485 1489 522 1548 ut
545 1485 786 1569 supradictum
810 1489 867 1569 ost,
890 1484 1073 1569 Hyrcaniae
1087 1486 1226 1550 finitima
1251 1508 1333 1571 gens
1349 1495 1385 1550 19

305 1572 520 1658 Amazonum,
554 1574 637 1640 circa
669 1574 910 1639 Thermodonta
947 1597 1074 1639 amnem
1103 1574 1332 1659 Themiscyrae

252 1682 287 1729 25
307 1662 518 1728 incolentium
550 1685 688 1747 campos.
746 1664 905 1749 Reginam
942 1664 1105 1729 habebant
1137 1664 1333 1748 Thalestrin,

307 1751 457 1817 omnibus
486 1752 571 1817 inter
600 1750 777 1832 Caucasum
806 1757 950 1817 montem
983 1757 1016 1817 et
1047 1753 1169 1819 Phasin
1202 1776 1333 1818 amnem

306 1842 553 1925 imperitantem.
609 1841 698 1907 Haec
733 1842 883 1927 cupidine
915 1842 1039 1908 visendi
1071 1844 1158 1928 regis
1196 1864 1333 1908 accensa
1348 1874 1372 1915 u

304 1930 424 1995 finibus
448 1932 541 2017 regni
565 1932 616 1995 sui
636 1932 773 1996 excessit
798 1936 839 2015 et,
862 1953 936 1996 cum
954 1932 1041 1997 haud
1057 1932 1170 2017 procul
1194 1931 1332 2017 abesset,

304 2021 471 2104 praemisit
495 2021 683 2105 indicantes,
706 2022 831 2086 vonisse
857 2022 1002 2107 reginam
1022 2021 1160 2085 adeundi
1186 2021 1255 2086 eius
1280 2044 1332 2087 oo-

250 2128 285 2175 26
306 2109 544 2194 gnoscendique
569 2110 703 2174 avidam.
753 2110 905 2175 Protinus
924 2110 1010 2175 facta
1031 2114 1177 2195 potestas
1204 2114 1254 2175 est
1279 2133 1332 2175 ve-

304 2198 415 2262 niendi
439 2200 554 2263 ceteris
578 2199 674 2263 iussis
704 2199 887 2264 subsistere.
939 2199 1104 2265 Trecentis
1135 2200 1332 2265 feminarum

305 2288 458 2352 comitata
475 2290 634 2372 processit
657 2292 763 2372 atque,
786 2293 823 2352 ut
846 2289 987 2373 primum
1011 2312 1067 2353 rex
1097 2288 1132 2353 in
1155 2293 1373 2373 conspectum

304 2376 376 2459 fuit,
400 2398 483 2460 equo
503 2378 574 2461 ipsa
592 2378 723 2443 desiluit
742 2379 822 2442 duas
841 2378 968 2443 lanceas
983 2378 1115 2443 dextera
1137 2379 1331 2461 praeferens.

251 2485 285 2533 27
305 2450 415 2530 Vestis
448 2488 513 2530 nou
545 2471 616 2531 tota
643 2466 845 2532 Amazonum
877 2468 1006 2551 corpori
1038 2467 1222 2532 obducitur:
1255 2491 1331 2533 nam

304 2557 396 2619 laeva
419 2578 493 2639 pars
517 2556 558 2619 ad
582 2560 695 2640 pectus
718 2561 767 2621 est
791 2557 886 2640 nuda,
909 2562 1015 2622 cetera
1038 2556 1152 2621 deindo
1174 2559 1331 2622 velantur.

304 2643 375 2709 Nec
401 2649 510 2709 tamen
539 2645 628 2709 sinus
657 2647 772 2731 vestis,
806 2668 901 2729 quem
928 2647 1014 2711 nodo
1044 2647 1214 2731 colligunt,
1248 2646 1333 2711 infra

250 2753 285 2801 28
306 2755 412 2819 genua
436 2734 607 2799 descendit.
654 2734 766 2800 Altera
794 2735 915 2820 papilla
938 2737 1060 2800 intacta
1087 2740 1245 2819 servatur,
1268 2758 1334 2820 qua
1347 2765 1374 2804 aa

305 2823 472 2889 muliebris
510 2846 605 2889 sexus
637 2825 756 2889 liberos
792 2827 895 2889 alant:
937 2825 1083 2889 aduritur
1119 2824 1263 2908 dextera,
1295 2831 1332 2890 ut

250 2934 284 2982 29
305 2934 399 2977 arcus
422 2913 551 2978 facilius
574 2914 743 2979 intendant
761 2920 794 2979 et
813 2915 876 2978 tela
895 2913 1030 2979 vibrent.
1062 2911 1215 2980 Interrito
1239 2917 1333 2980 vultu

304 3023 413 3089 regem
430 3001 609 3067 Thalestris
625 3004 813 3067 intuebatur
830 3004 979 3067 habitum
999 3004 1068 3067 eius
1081 3002 1332 3087 haudquaquam

377 3184 393 3230 2
412 3194 512 3247 parare
531 3180 750 3234 Freinshemius:
770 3179 883 3233 tradere
902 3184 933 3232 Δ.
1021 3186 1036 3233 3
1056 3179 1135 3251 Inde]
1155 3180 1185 3232 in
1203 3185 1271 3233 Pm.
1284 3197 1329 3248 pr.

304 3248 439 3321 laquom]
458 3265 543 3317 quam
561 3256 589 3303 Ρ.
650 3250 776 3321 tregia]
795 3250 891 3320 regiae
909 3256 937 3303 Ρ.
997 3250 1178 3305 Nabarzanes
1197 3256 1222 3303 1:
1242 3251 1329 3304 naba·

303 3336 387 3375 zanes
401 3325 431 3374 Δ.
488 3326 504 3374 8
520 3321 769 3393 specie]spetie1..
827 3327 842 3374 9
858 3323 993 3377 adsuerat
1001 3324 1112 3392 scripsi:
1128 3322 1222 3376 fuerat
1235 3328 1264 3389 Ρ,
1280 3322 1330 3375 ad-

305 3394 401 3446 suetus
421 3392 515 3446 tuerat
529 3401 555 3446 c.
617 3399 650 3447 10
668 3393 833 3448 Nabarzani
851 3400 877 3447 1:
897 3393 1037 3447 nabazani
1051 3399 1081 3447 Δ.
1143 3400 1176 3446 12
1196 3393 1330 3448 Thermo-

304 3462 404 3535 donta]
418 3465 597 3518 termodanta
607 3472 632 3518 c.
686 3471 718 3519 16
733 3465 823 3537 haud]
835 3468 912 3519 autl’
921 3484 955 3519 aa.
961 3483 1007 3535 pr.
1060 3465 1183 3537 abesset]
1198 3465 1330 3519 abessent

303 3539 371 3588 Pm.
382 3552 428 3605 pr.
495 3543 527 3589 17
544 3536 617 3609 eius]
632 3538 756 3591 cist.
767 3554 812 3607 pr.
870 3542 903 3590 18
923 3539 1050 3606 potestas
1064 3539 1108 3590 est
1121 3538 1233 3606 scripsi:
1248 3539 1329 3605 potc-

304 3607 418 3691 stateh.
475 3612 508 3661 19
523 3607 679 3680 Trecentis]
691 3608 816 3691 centisll.
873 3614 907 3662 20
923 3609 1020 3680 atque]
1032 3608 1124 3676 adque
1135 3614 1163 3661 1..
1219 3614 1253 3661 22
1267 3610 1329 3662 tota

302 3679 597 3822 {brigittaciilinhecta
611 3686 655 3806 134
675 3681 1014 3823 sqqugqbsrrpnq]l:lqareppn
1029 3679 1149 3821 milido]
1168 3679 1328 3805 Nddllhrild:

304 3820 382 3893 stris]
401 3820 525 3876 talestris
545 3829 570 3875 c.
646 3822 882 3895 haudquaquam]
900 3822 1122 3891 haudquaquam
1141 3828 1169 3877 F.
