3150 4459
449 439 704 495 HISTORIARUM
722 440 938 493 ALEXANDRI
957 441 990 505 V,
1010 446 1034 493 4.
1051 446 1075 493 ὀ.
1212 439 1275 503 125

251 605 537 688 conplectebantur
568 608 709 667 armatos
749 612 781 667 et
818 602 943 688 ingenti
981 624 1152 687 corporum
1190 602 1276 667 mole

252 717 360 759 secum
383 694 423 758 ad
447 699 566 757 terram
591 693 796 757 detrahentes
829 693 972 776 ipsorum
1002 693 1076 756 telis
1104 692 1276 776 plerosque

251 784 427 848 fodiebant.
473 782 708 846 Ariobarzanes
727 785 836 846 tamen
859 799 907 845 xa
931 780 1031 845 ferme
1055 781 1219 864 equitibus
1244 785 1276 845 et
1296 797 1329 844 33

252 898 272 937 v
296 872 426 936 milibus
454 872 600 956 peditum
632 872 772 955 stipatus
803 893 861 954 per
884 871 1023 935 mediam
1048 872 1148 935 aciem
1172 870 1276 935 Mace·

225 962 374 1029 sdonum
405 983 477 1025 cum
508 961 611 1025 multo
643 982 775 1025 suorum
810 965 906 1043 atque
938 960 1083 1025 hostium
1121 960 1276 1045 sanguine

252 1052 369 1135 erupit,
391 1050 592 1135 Persepolim
619 1050 741 1133 urbem,
766 1053 863 1133 caput
882 1050 1033 1135 regionis,
1052 1070 1210 1132 occupare
1232 1049 1276 1113 fe-

252 1142 384 1205 stinans.
439 1138 500 1203 Sed
534 1139 764 1204 acustodibus
793 1138 883 1204 urbis
916 1140 1064 1203 exclusus
1094 1138 1274 1203 consecutis
1298 1155 1332 1201 34

253 1235 382 1293 strenue
395 1230 545 1293 hostibus
565 1250 637 1293 cum
654 1229 805 1293 omnibus
824 1230 921 1313 fugae
937 1227 1109 1292 comitibus
1121 1230 1276 1292 renovato

252 1320 377 1403 proelio
402 1319 524 1383 cecidit.
572 1315 723 1382 Craterus
748 1339 877 1402 quoque
908 1318 1028 1401 raptim
1052 1317 1180 1403 agmine
1204 1320 1276 1381 acto

212 1435 239 1474 ro
253 1408 447 1491 supervenit.

197 1504 235 1556 17
322 1496 391 1559 Rex
415 1497 527 1560 eodem
546 1498 628 1580 loco,
644 1518 708 1579 quo
723 1496 867 1560 hostium
883 1496 993 1580 copias
1012 1496 1148 1580 fuderat,
1173 1498 1277 1560 castra
1292 1500 1318 1553 V

254 1588 441 1651 communit.
502 1585 705 1668 Quamquam
739 1585 826 1649 enim
862 1586 1005 1669 undique
1032 1586 1138 1671 fugati
1166 1585 1277 1649 hostes

253 1676 421 1739 victoriam
446 1678 679 1753 concesserant,
706 1678 816 1738 tamen
838 1675 1000 1758 praealtae
1022 1674 1278 1758 praecipitesque

253 1765 358 1829 fossae
376 1764 523 1847 pluribus
546 1765 626 1828 locis
641 1764 784 1828 obiectae
800 1763 996 1848 abruperant
1009 1763 1081 1846 iter,
1095 1764 1278 1846 sensimque

213 1881 239 1919 15
255 1857 286 1917 et
314 1858 407 1917 caute
434 1853 709 1938 progrediundum
740 1857 809 1918 erat
843 1854 908 1917 iarn
935 1875 1002 1918 non
1029 1854 1187 1937 hostium,
1224 1851 1279 1916 sed

254 1944 400 2007 locorum
433 1943 545 2007 fraude
578 1946 734 2026 suspecta.
785 1942 976 2007 Procedenti
1000 1942 1030 2006 ei
1060 1942 1187 2006 litterae
1210 1941 1314 2005 red-2

254 2031 375 2097 duntur
399 2054 417 2095 a
440 2032 599 2114 Tiridate,
629 2031 761 2096 custode
785 2032 939 2115 pecuniae
963 2031 1079 2118 regiae,
1101 2032 1279 2096 indicantes

255 2143 319 2203 eos,
350 2122 465 2204 quiin
489 2121 568 2185 urbe
593 2126 714 2204 essent,
743 2120 854 2184 audito
883 2122 952 2185 eius
977 2121 1116 2185 adventu
1141 2122 1279 2204 diripere

254 2210 336 2273 velle
359 2211 542 2274 thesauros:
575 2214 764 2294 properaret
793 2232 949 2294 occupare
980 2211 1148 2275 thesauros
1172 2209 1280 2274 dimis-

214 2327 240 2366 so
256 2321 321 2363 sos:
363 2301 549 2383 expeditum
583 2301 644 2364 iter
677 2321 762 2382 esse,
795 2322 991 2384 quamquam
1021 2299 1144 2364 Araxes
1176 2300 1279 2363 amnis

256 2389 429 2452 interfluat.
469 2387 600 2453 Nullam
626 2390 776 2454 virtutem
801 2391 885 2474 regis
909 2389 1025 2453 iustius
1050 2412 1146 2473 quam
1170 2389 1279 2453 celeri·
1300 2406 1315 2453 3

255 2483 353 2541 tatem
373 2478 586 2542 laudaverim:
608 2478 729 2543 relictis
748 2478 951 2562 pedestribus
967 2478 1069 2562 copiis
1093 2482 1163 2542 tota
1185 2482 1280 2543 nocte

255 2573 355 2631 vectas
384 2590 457 2633 cum
484 2568 648 2650 equitibus
672 2569 797 2631 itineris
826 2571 917 2632 tanto
941 2568 1046 2651 spatio
1069 2568 1227 2653 fatigatis
1240 2567 1279 2630 ad

256 2656 385 2721 Araxen
409 2657 514 2740 prima
538 2656 609 2722 luce
632 2657 788 2740 pervenit.
813 2656 886 2721 Vici
910 2662 1002 2721 erant
1025 2657 1060 2721 in
1082 2657 1279 2740 propinquo:
1299 2675 1316 2720 4

216 2774 241 2813 aa
257 2745 374 2829 quibus
394 2745 511 2809 dirutis
534 2749 667 2829 pontem
688 2768 727 2808 ex
747 2746 882 2810 materia
900 2767 1012 2810 eorum
1032 2746 1170 2810 subditis
1195 2748 1280 2810 saxis

257 2839 386 2899 strenue
408 2835 545 2899 induxit.

324 2923 457 3007 lamque
490 2924 576 2987 haud
608 2926 722 3007 procul
752 2925 831 2988 urbe
859 2928 963 3006 erant,
994 2947 1066 2988 cum
1097 2924 1315 2989 miserabiles

257 3035 373 3097 agmen
397 3014 481 3077 inter
495 3036 598 3097 pauca
614 3013 764 3077 fortunae
782 3016 931 3097 exempla
944 3014 1187 3077 memorandum
1210 3012 1280 3097 regi

259 3104 406 3167 occurrit.
441 3101 571 3187 Captivi
595 3107 686 3166 erant
709 3100 822 3167 Graeci
846 3103 886 3166 ad
909 3121 962 3165 1111
986 3102 1076 3165 milia
1099 3103 1175 3185 fere,
1199 3123 1280 3184 quos

216 3220 244 3260 ao
258 3191 374 3255 Persae
398 3192 488 3255 vario
513 3192 745 3277 suppliciorum
768 3192 865 3256 modo
889 3191 1093 3277 adfecerant„
1112 3191 1204 3256 Alios
1228 3208 1316 3275 pes

331 3409 383 3457 lv
402 3403 517 3456 milibus
536 3409 561 3456 1:
581 3409 622 3456 ra
642 3409 672 3456 Δ.
735 3403 864 3471 peditum
883 3420 934 3457 ora.
949 3409 969 3454 P
984 3421 1018 3456 m.
1029 3418 1074 3471 pr.
1146 3401 1280 3473 batque]

260 3476 351 3543 adque
370 3481 431 3542 PV,
454 3475 552 3540 itaque
570 3480 599 3527 P.
687 3474 820 3545 6caput]
840 3474 931 3542 capud
951 3480 997 3527 P.·
1072 3473 1280 3544 lconsecutis]

260 3549 426 3600 consecutus
445 3551 473 3598 P.
566 3552 598 3598 11
618 3546 743 3617 fuderat]
761 3545 874 3599 foderet
891 3551 912 3597 P
930 3563 964 3599 m.
980 3563 1025 3615 pr.
1116 3551 1148 3598 15
1168 3561 1282 3614 progre-

260 3618 409 3688 diundum]
429 3618 688 3687 praegrediundum
702 3623 730 3671 P.
792 3622 823 3669 17
844 3616 982 3688 Tiridate]
1000 3616 1126 3685 tyridate
1144 3621 1227 3669 BEV.

260 3689 429 3759 indicantes]
449 3689 613 3742 indecentes
631 3695 700 3743 Pm.
710 3707 756 3758 pr.
832 3694 864 3742 21
884 3688 986 3741 iustius
1005 3690 1127 3757 Ieepc'uc:
1149 3687 1232 3741 istius
1250 3691 1282 3740 Δ.

261 3767 293 3814 22
310 3764 391 3814 nocte
406 3767 517 3815 vectus
536 3763 629 3829 Vopel:
644 3763 726 3814 nocte
741 3765 771 3812 Δ.
829 3766 862 3813 27
877 3760 946 3813 urbe
961 3760 1068 3814 Laeter:
1083 3758 1183 3811 urbem
1197 3763 1227 3812 Δ.

260 3831 433 3902 miserabile]
452 3831 606 3885 miserabili
624 3838 644 3883 P
657 3850 692 3885 m.
702 3850 748 3901 pr.
