3150 4459
415 473 669 528 HISTORIARUM
688 474 905 528 ALEXANDRI
922 474 1008 543 vnn,
1027 482 1052 530 8.
1068 482 1093 530 9.
1202 477 1266 540 341

239 637 309 700 Rex
335 642 404 700 erat
428 636 547 719 Soerin,
578 638 634 721 qui
657 639 737 703 urbe
761 638 888 702 deserta
911 639 945 702 in
968 642 1096 703 montes
1118 640 1269 726 profuge

239 730 302 789 rat:
333 726 443 809 itaque
466 726 650 790 Alexander
678 727 799 810 oppido
829 728 962 810 potitur.
982 750 1143 813 agrosque
1167 751 1268 813 popu·
1288 748 1321 795 29

238 814 332 878 latur.
379 814 517 899 Magnae
548 815 622 879 inde
652 817 789 900 praedae
820 821 909 879 actae
940 820 1016 881 sunt
1045 839 1197 901 pecorum
1221 840 1268 881 ar-

239 908 501 988 mentorumque,
533 927 652 990 magna
680 905 729 969 vis
758 910 887 989 reperta
909 905 1073 970 frumenti.
1121 906 1267 972 Ducibus
1287 925 1321 972 30

211 993 353 1060 sdeinde
372 994 511 1077 sumptis
530 994 633 1056 amnis
653 994 766 1077 peritis
785 994 922 1058 defluxit
941 995 980 1059 ad
1000 996 1140 1059 insulam
1160 996 1267 1060 medio

239 1082 341 1146 ferme
367 1083 458 1146 alveo
482 1087 619 1146 enatam.

305 1170 356 1235 Ibi
381 1172 502 1235 diutius
527 1171 703 1236 subsistere
722 1177 863 1255 coactus,
887 1172 964 1256 quia
983 1172 1079 1237 duces
1098 1173 1264 1238 socordius
1283 1180 1322 1234 IX

238 1260 399 1324 adservati
412 1261 635 1345 profugerant,
648 1262 747 1344 misit,
763 1262 820 1344 qui
835 1263 1062 1345 conquirerent
1077 1262 1166 1326 alios.
1198 1262 1268 1328 Nec

237 1351 373 1432 repertis
407 1351 543 1432 pervicit
572 1351 693 1433 cupido
722 1351 848 1415 visendi
872 1349 1036 1415 Oceanum
1062 1352 1267 1436 adeundique

195 1467 223 1505 10
239 1439 393 1502 terminos
426 1439 539 1503 mundi
572 1440 640 1504 sine
672 1441 814 1525 regionis
848 1440 962 1523 peritis
996 1440 1122 1504 flumini
1152 1441 1266 1525 ignoto

238 1533 335 1610 caput
359 1551 452 1592 suum
472 1533 586 1612 totque
605 1529 858 1593 fortissimorum
878 1529 1023 1593 virorum
1043 1530 1179 1594 salutem
1196 1552 1267 1614 per-

237 1619 379 1681 mittere:
398 1618 596 1703 navigabant
616 1640 692 1703 ergo
713 1618 949 1702 omnium,.per
969 1641 1051 1702 quae
1069 1618 1267 1697 ferebantur,
1287 1636 1301 1683 2

237 1707 349 1791 ignari.
397 1706 562 1782 Quantum
590 1708 664 1771 inde
688 1707 816 1771 abesset
838 1729 940 1791 mare,
974 1730 1055 1790 quae
1079 1712 1191 1792 gentes
1216 1729 1267 1773 co-

236 1798 349 1878 lerent,
373 1817 470 1878 quam
493 1796 658 1879 placidum
683 1797 786 1861 amnis
811 1817 857 1880 os,
885 1818 982 1879 quam
1006 1798 1133 1880 patiens
1156 1797 1267 1882 longa-

196 1912 222 1951 ra
237 1907 310 1947 rum
333 1886 465 1948 navium
490 1889 583 1964 esset,
608 1908 725 1968 anceps
749 1890 781 1949 et
806 1906 899 1949 caeca
922 1886 1107 1949 aestimatio
1131 1907 1266 1969 augura-

237 1973 344 2037 batur:
365 1996 465 2036 unum
486 1977 553 2037 erat
568 1975 760 2037 temeritatis
775 1976 932 2038 solacium
947 1979 1105 2059 perpetua
1119 1974 1266 2039 felicitas.

235 2061 304 2125 Iam
326 2079 411 2125 cccc
432 2061 536 2126 stadia
554 2068 785 2146 processerant,
810 2085 883 2127 cum
902 2063 1135 2150 gubernatores
1152 2086 1267 2149 agnos-
1286 2081 1301 2128 3

237 2173 307 2215 cere
340 2152 428 2233 ipsos
462 2173 573 2214 auram
605 2154 704 2216 maris
737 2156 770 2216 et
802 2152 890 2216 haud
922 2154 1036 2235 procul
1069 2153 1170 2217 videri
1204 2152 1267 2217 sibi

236 2238 399 2304 Oceanum
438 2242 549 2304 abesse
586 2242 730 2305 indicant
762 2243 843 2326 regi:
900 2240 1019 2306 Laetus
1054 2243 1109 2306 ille
1141 2242 1301 2308 hortarir

196 2358 221 2396 ro
236 2329 385 2394 nauticos
411 2330 527 2413 coepit,
550 2330 775 2394 incumberent
794 2331 905 2395 remis:
931 2332 1041 2396 adesse
1060 2332 1158 2395 finem
1178 2332 1265 2396 labo-

236 2419 281 2482 ris
306 2419 457 2483 omnibus
481 2421 566 2483 votis
590 2421 784 2503 expetitum:
809 2420 873 2484 iam
897 2419 981 2483 nihil
1004 2420 1126 2506 gloriae
1148 2420 1267 2503 deesse,

235 2508 319 2572 nihil
343 2508 472 2571 obstare
495 2510 623 2592 virtuti,
647 2509 716 2572 sine
741 2512 809 2573 ullo
833 2508 948 2573 Martis
974 2509 1173 2594 discrimine,
1197 2511 1266 2573 sine

236 2598 392 2682 sanguine
417 2620 506 2661 oram
529 2602 632 2662 terrae
652 2599 691 2661 ab
712 2598 778 2662 illis
799 2598 883 2682 capi:
907 2620 948 2662 ne
966 2603 1115 2663 naturam
1136 2599 1265 2681 quidem

235 2687 365 2772 longius
389 2709 485 2769 posse
508 2687 693 2770 procedere:
718 2687 810 2751 brevi
833 2687 1001 2773 incognita
1023 2688 1087 2750 nisi
1111 2687 1265 2751 inmorta-

194 2803 220 2842 25
234 2775 321 2839 libus
353 2798 424 2839 esse
456 2776 591 2841 visuros.
638 2775 763 2840 Paucos
797 2780 907 2840 tamen
933 2778 1064 2859 navigio
1095 2777 1203 2839 emisit
1232 2777 1300 2841 ins

235 2866 350 2948 ripam,
375 2866 432 2948 qui
451 2869 594 2949 agrestes
613 2887 714 2950 vagos
734 2865 929 2948 exciperent,
953 2887 970 2927 e
990 2864 1108 2948 quibus
1128 2865 1266 2929 certiora

234 2954 326 3017 nosci
350 2975 444 3037 posse
469 2955 626 3037 sperabat.
673 2952 727 3018 Illi
750 2954 888 3018 scrutati
913 2955 1022 3018 omnia
1045 2952 1176 3038 tuguria
1197 2958 1265 3016 tan-

237 3043 309 3105 dem
334 3042 472 3106 latentes
495 3065 673 3126 repperere.
721 3041 784 3118 Qui
808 3043 1009 3128 interrogati,
1033 3064 1130 3125 quam
1150 3042 1266 3125 procul
1285 3062 1300 3108 6

235 3131 386 3195 abessent
405 3132 496 3208 mari,
514 3131 751 3216 responderunt
769 3134 896 3195 nullum
915 3132 1006 3215 ipsos
1021 3153 1164 3195 marene
1179 3132 1266 3195 fama

310 3293 323 3340 1
350 3287 442 3341 Soeris
457 3290 623 3343 Laceratus:
643 3288 745 3342 moeris
765 3288 900 3359 A[meris
913 3288 957 3359 V]
1019 3295 1034 3341 2
1053 3288 1174 3359 potitur]
1193 3289 1265 3357 peti·

235 3362 283 3412 tur
301 3364 329 3412 P.
405 3365 419 3411 7
441 3359 561 3430 diutius]
581 3359 693 3413 diucius
707 3365 738 3412 V.
812 3365 828 3413 8
848 3359 1046 3430 profugerant]
1065 3359 1266 3429 profugeratF

237 3449 271 3483 ru.
281 3448 327 3498 pr.
403 3430 559 3499 9pervicit
578 3432 735 3485 Bentleius:
759 3429 895 3500 peruicax
913 3436 944 3484 Δ.
1020 3437 1052 3483 14
1072 3431 1196 3502 patiens]
1215 3448 1265 3500 pa-

235 3502 312 3554 ciens
331 3507 360 3556 V.
443 3507 475 3555 16
495 3502 668 3573 aestimatio]
688 3503 840 3556 aestimato
855 3508 876 3553 r
890 3521 925 3557 m.
935 3521 981 3571 pr.
1062 3509 1094 3555 16
1114 3502 1265 3574 solacium]

235 3572 370 3627 solatium
388 3579 444 3627 LV.
506 3579 539 3627 17
558 3573 630 3645 iam]
650 3591 715 3627 cum
729 3579 749 3625 P
763 3591 798 3627 m.
813 3591 859 3641 pr.
916 3573 1020 3645 stadia]
1041 3573 1123 3627 stada
1137 3579 1157 3624 L
1172 3592 1206 3627 m,
1217 3593 1263 3643 pr.

236 3649 268 3697 21
290 3644 420 3698 omnibus
439 3651 465 3698 1:
486 3645 577 3698 omnis
596 3650 626 3699 Δ.
716 3650 749 3698 22
769 3644 883 3715 Martis]
902 3644 988 3698 maris
1009 3650 1033 3698 c.
1127 3650 1160 3697 23
1186 3662 1263 3699 oram

235 3717 428 3770 Eterhordus:
449 3715 546 3770 orbem
564 3722 595 3769 Δ.
670 3721 703 3769 26
724 3716 857 3787 certiora]
876 3716 1000 3770 cerciora
1018 3722 1048 3769 v.
1115 3722 1147 3768 27
1169 3733 1264 3785 spera

234 3788 297 3859 bat]
313 3788 466 3856 sperabant
480 3793 508 3841 Ρ.
560 3788 679 3841 scrutati
694 3788 871 3843 Vindelicus:
888 3789 1014 3841 scrutata
1027 3793 1057 3839 Δ.
1115 3792 1149 3841 28
1164 3803 1263 3856 reppe-

234 3860 307 3929 rere]
327 3875 445 3928 reppere
463 3865 492 3911 F.
568 3864 601 3911 29
622 3858 754 3913 abessent
772 3859 844 3912 mari
859 3865 891 3912 P:
913 3858 1025 3913 abesset
1043 3874 1121 3911 mare
1140 3866 1165 3911 c.
