3150 4459
424 472 677 527 HISTORIARUM
699 473 912 527 nLnannnl
930 474 977 540 ΠΙ,
998 479 1020 527 1.
1042 481 1066 528 2.
1237 475 1255 537 'l

234 637 336 701 nibus
355 637 546 722 levibusque
565 638 665 702 scutis
684 637 824 703 maxime
843 642 948 702 cetrae
968 638 1107 722 speciem
1126 638 1222 702 redde
1247 676 1258 685 -

235 728 343 808 tibus,
383 728 529 811 peditum
567 727 675 792 decem
715 727 806 792 milia
843 728 987 811 equitum
1025 728 1095 812 pari
1132 662 1258 792 armaiir

238 816 465 899 sequebantur.
509 815 654 881 Armenii
669 817 884 903 quadraginta
898 817 990 882 milio
1004 817 1158 882 miserant
1171 816 1258 901 pedi·
1278 834 1294 882 6

237 911 310 970 tum
339 906 457 970 additis
486 911 609 989 septem
638 906 770 970 milibus
799 907 953 991 equitum.
999 905 1143 991 Hyrcani
1172 929 1258 993 egre·

213 995 369 1081 sgiornm
397 998 480 1078 equit
481 1018 592 1078 am‚u
570 1000 607 1060 ιιι
634 997 719 1061 inter
745 995 820 1059 illas
847 1000 973 1081 gentes,
1007 1018 1063 1060 sex
1090 997 1181 1061 milia
1208 1019 1258 1060 cx-

238 1085 407 1169 pleverant
438 1084 537 1149 addit'
513 1089 555 1149 tis
587 1084 752 1170 equitibus
786 1085 875 1149 mille
905 1084 1052 1169 Tapuris,
1104 1086 1294 1151 Derbices?

240 1173 456 1260 quadraginta
478 1174 624 1258 peditum
652 1174 744 1239 milia
767 1179 981 1240 armaverant:
1012 1174 1158 1259 pluribus
1186 1199 1259 1240 aere

239 1267 296 1328 aut
321 1264 405 1329 ferro
429 1266 589 1347 praefixae
612 1265 686 1329 hast
672 1268 738 1347 tae,
766 1265 898 1347 qnidam
920 1264 1084 1417 lignum
1075 1266 1144 1351 igni
1169 1266 1259 1329 dura-

238 1356 361 1417 verant.
339 1352 484 1418 tHos
518 1376 645 1438 quoque
678 1354 741 1418 duo
774 1353 865 1418 milia
897 1355 987 1439 equit
989 1377 1042 1417 um
1076 1376 1116 1418 ex
1149 1355 1258 1419 eadem

202 1469 226 1508 ιι
239 1447 337 1529 gente
368 1443 521 1507 comitata
557 1447 640 1507 sunt.
618 1442 724 1507 tA
755 1442 871 1528 Caspio
906 1444 988 1508 mari
1023 1448 1096 1509 octo
1131 1444 1294 1509 milium8

239 1533 389 1616 pedester
413 1534 572 1597 exercitus
600 1537 744 1615 venerat,
717 1531 902 1597 ttduceni
876 1533 1062 1617 teqnites.
1110 1532 1240 1599 Cum''
1219 1557 1259 1599 ns

239 1626 332 1685 erant
355 1622 516 1707 ignobiles
540 1621 622 1687 aliae
629 1627 768 1717 gentes:
794 1622 857 1687 duo
881 1622 972 1686 milia
995 1623 1149 1727 peditum,
1173 1623 1260 1707 eqni-

238 1715 311 1775 tum
326 1710 488 1796 duplicem
502 1707 694 1796 paraverant
707 1734 885 1776 numerum.
931 1711 993 1776 His
1008 1713 1109 1797 copiis
1123 1713 1259 1799 triginta
1279 1730 1294 1777 9

238 1801 331 1864 milia
350 1800 545 1866 Graecorum
569 1801 714 1866 mercede
738 1801 897 1866 conducta
915 1802 1063 1888 egregiae
1083 1804 1259 1868 iuventutis

201 1915 225 1954 ιι
239 1890 374 1956 adiecta.
433 1889 518 1953 Nam
561 1891 825 1955 Bactrianost
793 1894 825 1955 et
867 1889 1047 1977 Sogdianos
1089 1896 1122 1956 et
1161 1891 1259 1957 Indos

240 1984 429 2063 ceterosque
457 1980 560 2044 Rubri
589 1981 686 2045 maris
714 1981 853 2063 accolas,
888 1981 1001 2065 ignota
1029 1981 1125 2045 etiam
1153 1980 1260 2046 Persis

240 2068 387 2156 gentium
426 2070 571 2153 nomina,
606 2071 772 2135 festinatio
806 2070 1000 2154 prohibebat
1032 2070 1137 2135 acciri.
1191 2070 1261 2136 Nec
1281 2088 1314 2136 10

240 2158 417 2242 quicquam
446 2158 495 2223 illi
522 2159 630 2223 minus
659 2182 755 2244 quam
784 2159 960 2224 multitudo
984 2160 1126 2224 militnm
1150 2160 1259 2224 defuit.

209 2247 342 2312 benius
375 2252 446 2311 tum
478 2248 645 2313 universae
679 2252 812 2333 aspectu
845 2248 1017 2314 admodum
1049 2250 1153 2314 laetus
1186 2273 1261 2335 pur—

201 2363 226 2402 ro
239 2337 367 2423 puratis
387 2337 484 2402 solita
502 2340 644 2403 vanitate
668 2360 758 2423 spem
784 2338 853 2403 eius
876 2338 1065 2403 inflantibus
1089 2360 1261 2403 conversus

240 2427 281 2491 ad
315 2424 556 2510 Charidemum,
592 2426 824 2493 Atheniensem
860 2427 938 2491 belli
971 2429 1112 2512 peritum
1150 2433 1182 2492 et
1168 2428 1260 2492 tob

229 2515 376 2580 ,exilium
396 2516 550 2581 infestum
566 2516 813 2583 Alexandro-
834 2517 1019 2670 quippei
973 2517 1019 2581 At
1019 2517 1111 2581 henis
1130 2517 1262 2583 iubente

240 2629 278 2671 eo
312 2606 421 2670 fuerat
452 2607 672 2691 expulsus-
678 2611 852 2692 ,percont
853 2607 900 2670 ari
929 2608 1050 2691 coepit,
1080 2606 1199 2672 satisne
1232 2606 1260 2670 ei

240 2695 441 2760 videretur
433 2717 484 2759 ms
485 2700 610 2760 tructus
640 2697 680 2760 ad
709 2696 920 2761 obterendum
948 2696 1024 2759 host
1010 2700 1084 2761 t.em
1136 2694 1181 2761 At
1206 2696 1261 2760 ille
1281 2714 1313 2761 11

201 2810 225 2850 ιι
239 2789 273 2849 et
311 2806 388 2848 suae
416 2786 513 2850 sortis
546 2789 578 2849 et
604 2787 712 2872 regiae
740 2786 908 2870 superbiae
942 2785 1025 2851 oblit
1011 2790 1077 2850 tus:
1107 2784 1262 2869 Verum',

239 2874 361 2958 inquit,
391 2874 436 2938 ‘et
463 2879 499 2938 tu
522 2876 661 2941 forsitan
684 2875 796 2940 audire
818 2876 903 2939 nolis
932 2879 965 2940 et
989 2897 1063 2961 ego,
1089 2875 1153 2939 nisi
1176 2896 1262 2939 nunc

314 3093 329 3141 1
356 3088 460 3159 cetrae]
482 3089 594 3142 cataras
619 3093 700 3142 LPV.
774 3094 789 3140 3
816 3087 1007 3157 quadraginta
1030 3088 1127 3142 milia
1152 3088 1261 3142 Laeter:

239 3160 340 3214 arilia
358 3176 411 3213 om.
425 3163 454 3212 A.
533 3166 550 3214 4
570 3160 747 3229 egregiorum
765 3161 914 3229 equitnm
932 3160 1042 3229 scripsi:
1066 3158 1212 3229 egregium
1230 3163 1261 3212 A.

240 3238 255 3284 6
275 3230 356 3284 mille
375 3229 502 3299 Tapuris.
537 3231 670 3285 Derbices
689 3232 819 3287 Feratus:
844 3230 1002 3285 militatura
1024 3230 1101 3285 idem
1124 3230 1212 3284 uicies
1231 3236 1261 3283 A.

240 3310 255 3355 Ρ
275 3301 469 3371 quadraginta
483 3303 590 3357 Laccr:
611 3304 793 3373 quadragena
811 3307 841 3356 A.
898 3304 1076 3356 armaverant
1092 3303 1261 3357 Glareanus:

238 3373 344 3428 armati
363 3376 445 3428 erant
458 3379 488 3427 A.
544 3391 608 3429 aere
623 3377 673 3428 aut
687 3377 725 3430 D.
746 3376 871 3430 Vossius:
890 3373 1028 3428 herebant
1042 3379 1071 3427 A.
1128 3380 1144 3427 8
1163 3374 1263 3428 bastae

244 3445 424 3499 Vindelicus:
448 3448 527 3500 astae
546 3452 576 3499 A.
660 3453 694 3500 10
713 3447 849 3501 comitata
868 3448 975 3501 Laacr:
995 3445 1160 3500 commitata
1178 3450 1208 3498 A.

239 3516 403 3570 miliumc·
431 3517 556 3572 miliaP
650 3516 1260 3601 11iisr2hiisc.1osogdiauos1:

240 3588 470 3659 sogdiaanash
497 3590 700 3645 socdianosll.
816 3594 849 3643 16
878 3589 967 3643 Persis
993 3591 1123 3658 Ειιβιιθνι
1149 3588 1206 3658 ipsi
1231 3593 1262 3642 A.

241 3666 273 3714 1‘1
293 3659 366 3731 Nec]
385 3676 421 3713 ne
439 3665 469 3713 Ρ.
563 3668 596 3715 19
615 3662 791 3733 purpuratis]
814 3662 1032 3731 ριιιριιιιιιιιει.
1124 3666 1156 3714 21
1177 3660 1263 3714 Αιιιιι-

238 3731 379 3803 niensem]
400 3731 614 3787 adtheniensem
629 3739 683 3786 ΡΡ
740 3740 773 3787 22
792 3732 924 3803 Athenis]
939 3731 1070 3786 adtbems
1085 3738 1112 3784 P
1169 3736 1202 3785 23
1217 3749 1264 3786 ex-

238 3803 351 3885 pulsus]
370 3802 524 3871 apulsusP.
607 3810 640 3858 25
660 3804 755 3876 sortis]
774 3804 856 3860 fortis
871 3809 890 3855 Ρ
904 3822 938 3858 m.
948 3822 994 3873 pr.
1014 3809 1044 3857 V.
1125 3808 1159 3856 26
1178 3803 1263 3875 nolis]

238 3874 322 3929 nobis
340 3881 361 3927 P
379 3893 413 3929 m
424 3894 470 3945 pr
