3150 4459
301 407 366 471 338
733 405 846 461 OUR'H
863 403 949 458 RUFI

267 569 387 635 oHinc
410 569 551 634 militum
575 570 706 654 clamor,
731 570 808 634 hinc
830 590 993 633 remorum
1017 569 1146 653 pulsus
1174 573 1338 656 variaeque

301 664 472 723 nautarum
496 679 590 723 voces
612 659 814 723 hortantium
843 657 974 742 pavidas
998 679 1099 723 aures
1125 660 1338 746 inpleverant

267 765 281 812 7
302 746 391 832 Ergo
414 749 557 813 universi
581 749 622 812 ad
645 770 709 831 cos,
732 747 787 832 qui
813 747 847 811 in
870 746 969 811 armis
992 752 1100 831 erant,
1131 756 1282 816 cununt
1302 752 1338 815 fu-

301 859 371 901 rere
394 837 597 902 clamitantes
622 842 655 900 et
677 858 751 902 cum
773 836 823 901 dis
842 835 1002 920 proelium
1022 836 1193 905 inituros:
1220 841 1340 926 navigia

301 948 368 990 non
385 948 480 1011 posse
498 927 671 1010 numerari,
690 948 772 1010 quac
792 925 931 990 invictos
951 924 1036 989 viros
1055 925 1241 995 veherent.
1270 930 1362 994 Pan-i

301 1019 436 1099 tumque
465 1016 701 1080 inexercitum
725 1036 858 1080 suorum
883 1014 1021 1078 intulere
1045 1018 1212 1102 terroris,
1247 1023 1286 1083 ut
1305 1021 1340 1083 le

301 1109 396 1190 gatos
419 1104 586 1169 mitterent
609 1108 737 1191 gentem
761 1103 935 1168 dedituros.

265 1209 281 1258 8
367 1192 429 1257 His
453 1193 488 1257 in
508 1194 605 1258 fidem
624 1192 766 1276 acceptis
786 1193 826 1257 ad
845 1193 925 1257 alias
944 1191 1058 1255 deinde
1078 1198 1209 1279 gentes
1231 1199 1368 1280 quartotl

301 1282 352 1345 die
375 1283 531 1366 pervenit.
571 1282 685 1347 Nihilo
710 1282 783 1365 plus
808 1281 908 1346 animi
927 1280 978 1344 his
997 1280 1070 1364 fuit,
1097 1303 1209 1365 quam
1230 1284 1339 1351 ceteris

299 1371 412 1435 fuerat.
459 1370 573 1456 Itaque
598 1371 719 1455 oppido
743 1370 789 1435 ibi
813 1371 954 1453 condito,
978 1370 1065 1453 quod
1089 1369 1338 1439 Alexandream
1348 1398 1365 1438 o

300 1460 457 1544 appellari
479 1462 624 1541 iusserat,
647 1461 728 1524 fines
753 1482 874 1542 eorum,
898 1459 954 1543 qui
977 1457 1144 1524 Musicani
1169 1467 1339 1548 appellan-

265 1553 367 1632 etur,
391 1549 533 1614 intravit.
579 1548 644 1613 Hic
671 1549 710 1613 de
734 1548 875 1613 Teriolte
899 1551 1039 1631 satrape,
1069 1570 1175 1631 quem
1201 1551 1339 1637 Parapa

299 1638 421 1702 nisadis
452 1639 664 1721 praefecerat,
696 1638 799 1702 isdem
828 1636 1038 1723 arguentibus
1067 1641 1240 1724 cognovit
1264 1642 1339 1707 mul·

299 1731 397 1810 taque
434 1750 529 1792 avare
566 1748 603 1791 ac
640 1727 778 1810 superbe
814 1728 929 1790 fecisse
966 1726 1155 1792 convictum
1199 1729 1339 1796 interfici

248 1833 281 1881 10
300 1818 404 1881 iussit.
450 1814 618 1901 Oxyartes,
640 1821 770 1900 praetor
788 1815 1044 1897 Bactrianorum,
1067 1836 1136 1878 non
1160 1818 1365 1886 absolutusu

300 1906 411 1989 modo,
444 1906 500 1970 sed
528 1907 626 1970 etiam
649 1906 718 1969 iure
741 1906 862 1970 amoris
886 1904 1052 1988 amplioris
1076 1903 1219 1989 imperii
1246 1910 1339 1974 dona·

299 1999 353 2079 tus
377 1999 426 2059 est
449 1995 578 2059 finibus.
615 1994 792 2058 Musicanis
816 1993 929 2057 deinde
952 1993 988 2057 in
1006 1992 1170 2057 dicionem
1194 1998 1339 2064 redactis

299 2084 373 2147 urbi
397 2106 508 2148 eorum
531 2084 727 2168 praesidium
752 2085 906 2166 inposuit.

247 2189 278 2237 11
366 2172 445 2237 Inde
468 2195 525 2256 per
549 2174 646 2237 silvas
669 2173 710 2235 ad
733 2195 879 2255 asperam
897 2169 1007 2235 Indiae
1029 2174 1170 2257 gentem,
1199 2198 1337 2258 perven-

299 2266 369 2325 tum
389 2267 445 2327 est.
476 2261 667 2326 Porticanus
686 2284 743 2324 rex
763 2266 840 2345 erat,
860 2262 969 2345 quise
991 2260 1138 2324 munitae
1158 2263 1243 2329 urbi
1265 2287 1367 2331 cumn

299 2374 417 2437 magna
439 2374 537 2415 manu
561 2352 769 2434 popularium
796 2352 978 2415 incluserat.
1023 2347 1117 2413 Hanc
1141 2348 1339 2420 Alexander

247 2458 280 2505 12
299 2442 396 2504 tertio
425 2440 489 2523 die,
522 2462 620 2523 quam
648 2444 799 2523 coeperat
827 2439 987 2522 obsidere,
1019 2442 1239 2521 expugnavit.
1297 2444 1339 2509 nt

299 2529 500 2612 Porticanus
524 2551 598 2594 cum
622 2528 656 2591 in
679 2550 792 2592 arcem·
810 2529 1018 2613 confugisset,
1041 2528 1168 2612 legatos
1195 2531 1242 2595 de
1265 2554 1339 2598 con·

299 2618 424 2683 dicione
462 2618 635 2682 deditionis
673 2618 762 2682 misit
795 2617 836 2681 ad
868 2638 986 2702 regem.
1056 2615 1119 2680 sed
1153 2622 1339 2705 antequam

299 2707 424 2772 adirent
452 2729 538 2788 eum,
572 2707 652 2770 duae
681 2712 787 2771 turres
817 2729 890 2771 cum
919 2705 1044 2791 ingenti
1069 2706 1201 2789 fragore
1228 2712 1370 2794 proci-n

299 2798 425 2861 derant:
453 2818 511 2880 per
538 2819 674 2880 quarum
705 2796 816 2859 ruinas
839 2795 1031 2859 Macedones
1060 2816 1190 2860 evasere
1223 2798 1263 2864 in
1293 2824 1340 2865 ar·

300 2907 377 2950 cem.
416 2884 485 2960 Qua
509 2889 603 2969 capta
621 2884 813 2949 Porticanus
833 2907 907 2950 cum
930 2884 1041 2967 paucis
1064 2905 1261 2969 repugnans
1287 2913 1340 2955 oc-

300 2976 427 3038 ciditur.

247 3081 280 3128 13
367 3063 484 3127 Diruta
511 3064 613 3149 igitur
640 3085 711 3126 arce
740 3067 772 3126 et
797 3061 946 3126 omnibus
972 3062 1108 3145 captivis
1132 3067 1340 3133 venundatis
1352 3071 1382 3128 n

371 3300 388 3345 4
404 3292 444 3363 et]
455 3310 506 3346 om.
516 3297 547 3359 B,
561 3293 619 3346 iat
628 3309 697 3346 eras.
756 3296 769 3343 7
784 3290 942 3362 mitterent]
952 3291 1085 3345 miterent
1094 3295 1122 3342 L.
1179 3296 1195 3343 8
1211 3292 1339 3369 deinde]

301 3362 402 3416 deinde
426 3364 492 3416 inde
507 3369 537 3416 V.
635 3370 667 3417 12
687 3361 905 3430 Parapanisadis
928 3364 1038 3431 scripsi:
1066 3362 1295 3421 caracamiaadis
1313 3373 1340 3421 A

300 3434 543 3505 [caracamissadis
561 3435 603 3506 F]
659 3441 693 3487 15
713 3433 849 3502 Oxyartes
868 3434 972 3488 Aldus:
993 3434 1103 3486 oxaites
1122 3436 1152 3484 Δ.
1211 3439 1248 3488 16
1271 3439 1338 3511 sed]

300 3509 343 3559 set
362 3512 390 3558 L.
442 3512 475 3559 17
496 3505 648 3577 dicionem]
668 3505 806 3558 ditionem
826 3512 851 3558 0.
909 3510 941 3559 18
960 3504 1133 3573 praesidium
1153 3504 1336 3565 Frobcm'ue:

299 3577 449 3645 imperium
468 3582 499 3631 Δ.
579 3584 611 3630 19
635 3595 686 3646 per
705 3576 788 3629 silvas
808 3576 844 3629 ad
865 3592 993 3645 asperam
1012 3577 1123 3645 scripsi:
1147 3580 1285 3643 praestos
1306 3585 1337 3635 et

299 3650 392 3717 ipsam
411 3654 441 3701 Δ,
523 3648 621 3703 Indiae
640 3648 766 3719 gentem]
785 3647 962 3717 indigentem
980 3653 1008 3699 P.
1091 3650 1125 3699 20
1146 3646 1336 3725 Porticanus]

299 3720 409 3790 portica
422 3719 585 3789 porticanus
601 3726 621 3772 P
635 3738 669 3773 m.
680 3738 726 3788 pr.
782 3725 817 3772 22
837 3718 980 3789 coeperat]
998 3719 1112 3790 ceperat
1125 3724 1153 3770 P.
1212 3725 1248 3773 23
1266 3739 1336 3777 con-

299 3791 434 3863 fugisset]
453 3791 636 3860 comfugisset
654 3797 682 3843 P.
757 3789 921 3843 condicione
940 3796 966 3842 1:
987 3789 1149 3843 conditione
1167 3794 1200 3843 Δ.
