3150 4459
445 427 698 481 HISTORIARUM
717 427 933 483 ALEXANDRI
951 428 1025 495 VIII,
1045 434 1068 482 1.
1085 434 1110 483 2.
1220 428 1283 493 257

264 592 381 676 migeri
404 590 524 655 Clitum
551 591 655 655 adhuc
678 593 788 657 eadem
811 593 942 677 linguae
965 591 1214 674 intemperantia
1237 592 1285 656 fu-

263 684 387 745 rentem
411 686 575 764 percutere
599 685 734 745 conatus
757 704 777 744 a
795 680 983 746 Ptolomaeo
1009 685 1040 746 et
1063 679 1217 747 Perdicca
1238 682 1285 745 in-

263 770 400 833 hibetur.
447 769 591 833 Medium
618 772 766 854 conplexi
790 774 823 834 et
846 770 1005 834 obluctari
1028 774 1285 854 perseverantem
1304 789 1338 837 16

263 858 485 942 morabantur,
508 859 720 943 Lysimachus
749 864 780 924 et
803 859 988 923 Leonnatus
1016 859 1114 923 etiam
1141 860 1285 924 lanceam

236 950 475 1013 rabstulerant:
513 950 567 1013 ille
591 949 731 1013 militum
756 950 853 1013 fidem
878 950 1044 1033 inplorans
1068 949 1285 1032 conprehendi
1304 967 1337 1015 47

263 1060 297 1101 se
320 1061 339 1101 a
361 1039 518 1121 proximis
542 1039 727 1119 amicorum,
750 1038 837 1121 quod
854 1038 959 1103 Dareo
983 1060 1085 1122 nuper
1109 1038 1285 1121 accidisset,

263 1128 420 1191 exclamat
452 1128 645 1212 signumque
677 1127 756 1191 tuba
787 1128 869 1210 dari,
901 1133 938 1192 ut
961 1128 1000 1191 ad
1023 1127 1146 1211 regiam
1170 1127 1285 1191 armati

262 1218 398 1299 coirent,
430 1216 529 1281 iubet.
588 1216 671 1280 Tum
704 1239 780 1282 vero
813 1217 1020 1282 Ptolomaeus
1052 1221 1086 1280 et
1116 1215 1285 1281 Perdiccas
1304 1234 1337 1284 48

263 1305 399 1391 genibus
423 1306 568 1371 advoluti
592 1310 695 1388 orant,
717 1328 758 1369 ne
781 1306 816 1370 in
837 1310 903 1371 tam
923 1305 1094 1390 praecipiti
1113 1305 1162 1370 ira
1180 1327 1285 1389 perse-

222 1417 248 1456 1o
262 1400 351 1459 reret
374 1397 580 1479 spatiumque
604 1395 713 1478 potius
737 1395 845 1459 animo
868 1396 933 1459 det:
958 1396 1066 1460 omnia
1085 1399 1214 1479 postero
1234 1395 1285 1459 die
1333 1472 1334 1476 Ἰ

264 1485 379 1550 iustius
412 1489 629 1549 executurum.
677 1483 740 1549 Sed
773 1485 899 1549 clausae
928 1490 1019 1549 erant
1046 1506 1139 1550 aures
1163 1485 1285 1550 obstre·
1304 1506 1337 1553 49

262 1579 358 1658 pente
390 1575 451 1637 ira:
485 1574 593 1657 itaque
622 1575 771 1657 inpotens
799 1573 899 1638 animi
928 1573 1088 1657 procurrit
1116 1574 1150 1637 in
1177 1574 1285 1659 regiae

262 1664 460 1727 vestibulum
483 1667 516 1726 et
538 1662 632 1748 vigili
655 1663 828 1727 excubanti
847 1664 940 1727 hasta
959 1662 1067 1728 ablata
1085 1663 1233 1728 constitit
1250 1664 1285 1727 in

262 1753 361 1835 aditu,
375 1774 440 1835 quo
454 1774 584 1817 necesse
601 1756 669 1815 erat
685 1752 745 1834 hie,
764 1752 821 1835 qui
836 1752 933 1817 simul
947 1756 1148 1837 cenaverant,
1167 1752 1284 1838 egredi.

222 1865 247 1903 15
262 1841 420 1905 Abierant
439 1841 547 1925 ceteri,
566 1841 671 1905 Clitus
689 1843 824 1905 ultimus
844 1842 913 1905 sine
931 1840 1054 1907 lumine
1072 1843 1192 1906 exibat:
1212 1862 1285 1905 cum
1304 1862 1338 1912 50

262 1953 327 2013 rex,
347 1931 496 2013 quisnam
516 1935 600 1995 esset
627 1931 814 2015 interrogat.
846 1930 1019 1995 Eminebat
1038 1931 1135 1995 etiam
1154 1930 1189 1994 in
1206 1952 1285 1996 voce

262 2020 402 2103 sceleris
425 2020 513 2104 quod
531 2020 675 2104 parabat,
696 2020 858 2084 atrocitas,
895 2019 939 2082 Et
958 2020 1013 2084 ille
1032 2021 1095 2084 iam
1114 2043 1181 2085 non
1200 2043 1285 2103 suae,
1304 2039 1336 2089 51

262 2111 317 2173 sed
340 2110 426 2193 regis
449 2110 515 2173 irae
538 2131 663 2172 memor
677 2108 799 2173 Clitum
823 2130 892 2173 esse
911 2113 943 2173 et
967 2110 1005 2172 de
1029 2108 1178 2174 convivio
1198 2109 1285 2175 exire

262 2199 436 2283 respondit.
474 2198 563 2262 Haec
586 2198 723 2263 dicentis
746 2198 832 2263 latus
855 2198 956 2262 hasta*
967 2199 1130 2263 transfixit
1148 2199 1284 2264 morien·
1304 2220 1337 2267 52

222 2311 247 2349 20
261 2290 368 2372 tisque
387 2288 544 2372 sanguine
562 2288 746 2372 adspersus:
771 2285 798 2350 ‘I
816 2289 922 2369 nunc,'
947 2288 1061 2371 inquit,
1088 2288 1140 2351 ‘ad
1163 2287 1285 2371 Philip·

262 2401 338 2461 pum
364 2382 396 2441 et
420 2377 663 2442 Parmenionem
689 2380 722 2440 et
744 2376 914 2442 Attalum?

228 2470 246 2522 6
327 2466 413 2530 Male
437 2468 587 2531 humanis
609 2466 749 2551 ingeniis
772 2473 889 2531 natura
912 2466 1082 2549 consuluit,
1109 2467 1195 2550 quod
1219 2469 1283 2550 ple·
1297 2477 1322 2529 ΙΙ
1386 2471 1389 2476 ’

261 2578 396 2639 rumque
415 2578 481 2620 non
500 2556 619 2637 futura,
638 2556 695 2620 sed
712 2560 877 2622 transacta
895 2555 1131 2639 perpendimus.
1159 2554 1284 2640 Quippe

261 2668 330 2729 rex,
362 2651 536 2730 postquam
569 2645 618 2708 ira
646 2650 752 2709 mente
779 2646 970 2724 decesserat,
1004 2646 1101 2709 etiam
1130 2645 1284 2709 ebrietate

221 2761 246 2799 re
262 2736 406 2799 discussa
429 2735 684 2819 magnitudinem
707 2736 861 2799 facinoris
885 2757 956 2798 sera
975 2734 1197 2798 aestimatione
1216 2756 1284 2817 per-

261 2825 375 2908 spexit.
422 2824 563 2889 Videhat
585 2827 664 2887 tunc
688 2823 848 2888 inmodice
871 2824 1021 2887 libertate
1044 2823 1195 2905 abusum,
1229 2824 1284 2888 sed
1304 2844 1319 2890 2

261 2914 383 2997 alioqui
402 2913 569 2998 egregium
587 2913 673 2977 bello
693 2914 799 2977 virum
818 2917 859 2995 et,
877 2913 942 2976 nisi
960 2913 1163 2977 erubesceret
1181 2912 1285 2996 fateri,

334 3113 348 3158 1
369 3104 485 3177 Clitum]
506 3106 612 3173 clytum
628 3112 645 3156 c
664 3105 793 3175 [eleitum
809 3105 848 3175 Ι.].
912 3112 926 3158 2
947 3106 1105 3176 percutere]
1124 3107 1284 3175 percuttere

261 3184 329 3231 Pm.
340 3195 384 3246 pr.
451 3196 468 3229 a
486 3177 649 3230 Ptolomaeo
668 3179 779 3245 scripsi:
800 3177 973 3246 aptolomeo
988 3183 1014 3244 0,
1034 3180 1065 3231 at
1077 3176 1236 3247 ptholome‘
1255 3182 1266 3189 '

261 3256 277 3302 5
297 3249 488 3317 conprehendi
509 3249 550 3319 se]
572 3247 807 3317 conprehendisse
828 3254 848 3300 F
869 3266 903 3303 m.
921 3266 967 3319 pr.
986 3254 1034 3302 11?

262 3322 386 3375 coierent
400 3326 427 3385 1³,
447 3321 574 3375 coierent
588 3325 618 3373 V.
673 3320 852 3374 Ptolomaeus
866 3322 977 3388 scepei:
995 3337 1005 3390 1

261 3392 386 3446 lomaeus
396 3398 424 3445 Ρ.
475 3400 490 3445 9
506 3390 647 3461 advoluti]
657 3391 802 3445 aduolutia
813 3396 841 3444 P.
891 3398 924 3445 10
940 3395 1005 3461 spat

261 3481 314 3531 que
327 3470 346 3515 1.
360 3483 395 3518 m.
406 3482 451 3532 pr.
467 3469 497 3516 V.
555 3469 586 3516 11
603 3463 783 3531 obstrepente
794 3468 818 3516 1:
834 3463 1005 3532 obstrepente

261 3536 375 3603 exgredi
389 3540 412 3587 V
427 3554 461 3589 m.
472 3553 517 3603 pr.
584 3540 616 3588 15
636 3533 725 3589 Clitus
739 3540 765 3587 1:
785 3534 877 3602 clytus
896 3539 927 3588 Δ.
989 3550 1005 3588 c

260 3612 329 3660 Bm.
340 3625 386 3676 pr.
402 3612 447 3659 ΕΙ.
462 3626 496 3660 m.
507 3611 781 3675 pr.1³m.pr.vm.
794 3623 837 3673 pr.
895 3611 928 3659 16
943 3604 1013 3660 Emi

260 3684 386 3747 Prapr.
452 3683 485 3732 18
500 3676 605 3731 Clitum
615 3683 644 3731 >12
660 3677 769 3745 clytum
782 3682 813 3729 Δ.
879 3684 913 3729 20
931 3677 1017 3732 Inun

261 3750 335 3819 quit]
350 3750 576 3817 inquidnmpr.
587 3754 617 3802 V.
673 3754 706 3801 21
722 3748 849 3802 Parmen‘

261 3821 401 3892 Attalum]
421 3820 550 3875 adtalum
568 3826 596 3875 1..
669 3826 703 3873 26
723 3819 837 3885 inmodir

315 3921 420 3964 cosmus
434 3920 516 3960 Eurus
531 3919 566 3960 ed.
580 3919 718 3960 Hedicke.
746 3921 790 3961 Ed.
805 3931 833 3962 nu
