3150 4459
454 438 706 493 HISTORIARUM
726 438 940 492 ALEXANDRI
959 439 1004 504 III,
1024 444 1048 491 8.
1065 446 1088 492 9.
1237 439 1279 501 25

240 604 330 667 stris
369 603 465 684 acies,
500 602 714 688 quadraginta
750 602 841 667 milia
871 603 1101 686 sequebantur,
1136 602 1315 687 Hyrcania

243 692 372 757 deinde
389 692 540 775 Medique
559 692 693 775 aquitae,
711 692 762 756 his
781 693 922 776 proximi
937 695 1115 756 ceterarum
1135 692 1281 777 gentium

244 782 343 847 ultra
368 803 422 847 eos
441 782 554 846 dextra
571 782 726 865 laevaque
751 781 908 865 dispositi.
956 780 1028 846 Hoc
1049 804 1173 867 agmen,
1197 781 1281 845 sicut

247 872 381 937 dictum
409 874 471 954 est,
497 870 692 935 instructum
716 889 753 933 vl
775 871 867 934 milia
896 872 1110 936 iaculatorum
1140 871 1282 936 fundito-

249 982 395 1044 rumque
414 960 652 1025 antecedebant.
690 958 855 1043 Quidquid
880 961 913 1023 in
933 961 997 1025 illis
1017 960 1176 1046 angustiis
1200 960 1281 1024 adiri
1301 978 1316 1025 6

249 1054 399 1135 poterat,
429 1050 629 1133 inpleverant
653 1050 778 1133 copiae,
809 1071 993 1134 cornuaque
1023 1050 1163 1113 hincab
1194 1051 1281 1136 iugo,

235 1139 349 1225 ,illino
368 1162 387 1201 a
405 1139 487 1203 mari
502 1139 639 1223 stabant,
658 1160 792 1203 uxorem
806 1143 1006 1223 matremque
1025 1139 1110 1225 regis
1130 1143 1162 1202 et
1181 1139 1280 1204 alium

250 1229 450 1295 feminarum
474 1250 605 1314 gregem
630 1229 664 1292 in
687 1228 830 1292 medium
854 1250 969 1314 agmen
993 1232 1190 1312 acceperant.

322 1316 508 1381 Alexander
535 1317 743 1404 phalangem,
774 1340 839 1402 qua
868 1318 951 1382 nihil
978 1318 1064 1402 apud
1087 1317 1315 1384 Macedonasr

251 1406 396 1472 validius
415 1410 491 1490 erat,
516 1407 550 1470 in
568 1407 676 1471 fronte
695 1407 873 1472 constituit.
919 1406 1078 1471 Dextrum
1101 1429 1201 1473 cornu
1225 1407 1281 1471 Ni-

252 1518 370 1580 canor,
392 1496 615 1561 Parmenionis
639 1497 739 1579 filius,
762 1497 928 1560 tuebatur:
954 1496 1031 1561 huic
1054 1497 1196 1581 proximi
1219 1500 1281 1560 sta·

252 1586 335 1650 bant
360 1586 484 1649 Coenos
513 1589 546 1649 et
573 1585 743 1652 Perdiccas
774 1590 807 1649 et
829 1585 992 1672 Meleager
1023 1586 1281 1651 otPtolomaeus

252 1679 287 1739 et
320 1673 493 1758 Amyntas,
528 1674 578 1738 sui
612 1676 748 1759 quisque
779 1675 918 1761 agminis
953 1675 1061 1740 duces:
1105 1675 1144 1739 ln
1179 1677 1315 1759 laevo,8

254 1764 344 1848 quod
368 1764 409 1827 ad
431 1786 519 1828 mare
541 1764 734 1849 pertinebat,
759 1764 910 1829 Craterus
934 1769 966 1828 et
986 1764 1156 1829 Parmenio
1181 1770 1280 1847 erant,

234 1853 312 1918 ised
345 1851 495 1918 Craterus
524 1853 729 1917 Parmenioni
761 1877 873 1937 parere
904 1853 1019 1918 iussus.
1071 1854 1207 1939 Equites
1240 1855 1280 1918 ab

253 1946 394 2027 utroque
428 1965 529 2008 cornu
561 1943 672 2007 locati:
711 1943 860 2008 dextrum
893 1942 1084 2008 Macedones
1117 1944 1280 2009 Thessalis

253 2031 430 2116 adiunctis,
453 2032 580 2096 laevum
605 2031 834 2116 Peloponnesii
863 2033 1045 2098 tuebantur.
1087 2033 1174 2097 Ante
1197 2033 1281 2098 hanc
1300 2051 1315 2096 9

253 2124 361 2275 {effi
376 2124 529 2205 posuerat
547 2122 749 2277 fungtoqum
767 2145 899 2275 manqm
921 2122 1101 2275 sagistaiiis
1116 2122 1279 2276 pdnqirtis,

362 2234 396 2275 es
415 2233 585 2295 quoquae
645 2234 680 2276 re
696 2234 787 2276 enses
811 2234 885 2277 ane
905 2234 1050 2296 agmenr
1075 2235 1116 2275 an
1130 2235 1179 2295 ,a
1218 2235 1280 2296 rpsr

234 2300 371 2366 ›leviter
395 2300 520 2365 armati.
566 2300 611 2365 At
633 2300 684 2383 iis,
708 2301 764 2384 qui
783 2301 953 2385 praemissi
977 2302 1017 2365 ab
1036 2300 1142 2365 Dareo
1167 2302 1280 2387 iugum
1301 2318 1334 2365 10

253 2390 376 2454 montis
391 2390 585 2474 insederant,
604 2388 766 2475 Agrianos
781 2390 935 2474 opposuit
950 2413 989 2454 ex
1003 2390 1159 2455 Thraecia
1178 2414 1281 2475 nuper

253 2479 415 2544 advectos.
461 2479 669 2544 Parmenioni
687 2483 795 2543 autem
815 2483 1031 2564 praeceperat,
1053 2484 1098 2560 ut,
1123 2484 1280 2564 quantum

253 2571 375 2651 posset,
398 2590 513 2654 agmen
533 2570 574 2631 ad
593 2591 680 2633 mare
699 2569 894 2652 extenderet,
918 2592 982 2653 quo
1004 2570 1135 2656 longius
1153 2570 1280 2633 abesset

252 2657 339 2723 acies
369 2658 549 2741 montibus,
585 2680 666 2742 quos
697 2662 934 2743 occupaverant
969 2659 1106 2723 barbari.
1153 2658 1198 2724 At
1230 2659 1279 2723 illi
1300 2676 1332 2722 11

234 2768 358 2831 ineque
383 2747 511 2811 obstare
529 2747 734 2812 venientibus
752 2770 812 2813 nec
836 2748 1005 2813 circumire
1022 2752 1279 2833 praetergressos

251 2836 323 2900 ausi
355 2835 557 2900 funditorum
587 2837 727 2901 maxime
758 2841 891 2921 aspectu
920 2838 1025 2902 territi
1058 2838 1279 2923 profugerant,

252 2946 354 3010 eaque
385 2948 436 2989 res
466 2924 650 2990 Alexandro
683 2930 793 2991 tutum
824 2927 963 3013 agminis
992 2930 1091 3009 latus,
1122 2927 1209 3010 quod
1238 2948 1278 2990 ne

251 3035 391 3099 superne
414 3016 635 3098 incesseretur,
658 3016 821 3097 timuerat,
844 3017 1015 3100 praestitit.
1062 3034 1135 3079 xxx
1159 3020 1191 3079 et
1214 3016 1277 3079 duo
1299 3033 1332 3080 12

325 3190 592 3262 4v1milial’[r71]:
607 3211 636 3243 vr
651 3196 675 3244 (1.
732 3197 860 3261 9qua1:
876 3209 931 3260 quo
946 3196 976 3245 A.
1038 3198 1069 3245 11
1086 3191 1279 3246 Parmenionis

250 3268 284 3315 P:
304 3262 494 3331 parmenionis
514 3267 539 3316 0.
624 3268 655 3317 12
676 3262 781 3318 Coenos
801 3264 904 3319 Aldus:
926 3280 1007 3317 cenos
1027 3268 1058 3317 A.
1137 3263 1280 3333 Meleager

250 3336 361 3389 naar:
381 3333 542 3403 moeleager
555 3339 586 3387 A.
641 3340 671 3389 et
685 3336 749 3389 add.
765 3340 786 3387 1.
841 3334 1022 3389 Ptolomaeus
1036 3337 1147 3404 rorabat:
1167 3334 1279 3404 ptholo-

249 3422 333 3459 meus
351 3410 382 3458 A.
457 3410 490 3458 13
509 3407 648 3475 Amyntas
663 3412 695 3459 P:
716 3405 839 3460 amintas
858 3413 884 3460 0.
960 3412 992 3460 14
1012 3406 1061 3478 ad]
1081 3425 1098 3459 a
1112 3412 1139 3459 L.
1214 3405 1279 3459 Gra-

248 3477 354 3602 madi
373 3478 496 3530 craterus
520 3483 540 3529 P
565 3496 600 3532 m.
619 3495 663 3545 pr.
764 3483 797 3531 15
825 3477 1018 3561 Parmenioni]
1046 3478 1223 3547 parmenioni
1249 3483 1278 3532 B.

249 3553 285 3603 1'1
304 3566 323 3601 a
346 3548 448 3601 'unctis
462 3550 566 3603 Aldus:
586 3548 715 3603 adiuncti
729 3553 760 3601 A.
815 3548 1014 3618 Peloponnesir
1030 3550 1178 3605 Heinsius:
1200 3549 1278 3618 pelo-

247 3620 371 3691 ponensi
390 3624 420 3672 A.
508 3626 542 3672 20
562 3621 597 3674 iis
621 3621 799 3675 Vindelicus:
818 3621 863 3674 his
884 3627 909 3687 Q,
929 3621 970 3675 »is
990 3628 1010 3674 P
1029 3622 1087 3693 [sed
1105 3622 1125 3674 h
1143 3638 1201 3675 aaa
1219 3639 1278 3676 era·

245 3692 332 3763 aaran}
389 3695 423 3744 21
443 3690 582 3745 Thraecia
600 3692 711 3763 Stangl:
736 3693 849 3761 graecia
869 3699 894 3759 0,
914 3693 1024 3762 graetia
1042 3699 1069 3746 P.
1131 3698 1164 3745 23
1183 3694 1279 3760 posset

246 3782 301 3819 om.
317 3768 337 3815 Ι.
356 3780 391 3817 m.
402 3780 448 3832 pr.
464 3768 484 3814 P
588 3769 621 3817 25
641 3763 819 3817 venientibus
839 3770 864 3817 1:
889 3764 1029 3819 uenientis
1050 3771 1075 3832 (2,
1094 3764 1277 3819 uenientisP.

247 3842 284 3891 26
304 3833 494 3906 funditorum]
513 3834 697 3890 fundatorum
716 3842 736 3888 P
754 3854 789 3889 m.
800 3852 846 3905 pr.
