3150 4459
442 454 697 510 HISTORIARUM
717 454 932 509 ALEXANDRI
951 454 1024 523 VIII,
1044 460 1068 509 t.
1084 461 1109 510 6.
1222 454 1288 518 273

261 621 352 685 veuit
375 621 510 684 occasio.
556 620 629 684 Mos
653 623 730 702 erat,
754 623 791 683 ut
815 641 912 702 supra
936 619 1059 684 dietum
1084 622 1142 702 est,
1171 619 1323 702 prinei-2

262 710 358 793 pibus
383 709 595 774 Macedonum
627 709 754 774 adultos
785 708 906 773 liberos
936 708 1068 794 regibus
1099 708 1225 774 tradere
1248 708 1290 772 ad

261 800 372 862 munia
396 799 482 862 haud
506 800 646 862 multum
670 797 841 863 servilibus
865 798 1052 863 ministeriis
1072 797 1288 867 abhorrentia.

260 887 475 953 Excubabant
507 887 643 951 servatis
675 887 821 953 noctium
851 887 976 952 vicibus
999 887 1140 970 proximi
1163 885 1324 952 foribuss

234 977 331 1040 seius
362 978 462 1058 aedis,
495 978 529 1041 in
554 999 617 1061 qua
639 999 697 1040 rex
719 976 955 1061 adquiescebat.
1003 975 1064 1039 Per
1086 976 1145 1039 hos
1169 977 1288 1060 pelices
1393 1036 1396 1040 .

262 1066 550 1130 introducebantur
572 1067 637 1131 alio
662 1066 760 1149 aditu,
785 1088 883 1149 quam
907 1087 1003 1150 quem
1027 1066 1144 1129 armati
1163 1066 1289 1131 obside-

262 1156 348 1219 bant.
395 1154 484 1220 Idem
517 1160 667 1240 acceptos
696 1157 736 1219 ab
764 1156 961 1241 agasonibus
985 1176 1101 1239 aquea,
1135 1176 1208 1220 cum
1232 1172 1324 1219 rex4

262 1267 453 1309 ascensurus
482 1250 566 1310 esset
572 1296 582 1329 ,
614 1244 831 1309 admovebant
854 1245 1158 1328 comitabanturque
1183 1248 1215 1308 et
1238 1268 1289 1310 ve-

261 1340 392 1398 nantem
416 1338 448 1398 et
472 1337 503 1398 in
529 1335 661 1419 proeliis
686 1333 838 1399 omnibus
861 1333 986 1399 artibus
1011 1334 1192 1399 studiorum
1210 1333 1289 1398 libe-

221 1447 246 1486 ro
260 1424 377 1487 ralium
411 1426 542 1490 exculti.
601 1424 799 1507 Praecipuus
832 1422 938 1488 honor
969 1423 1163 1507 habebatur,
1201 1424 1324 1507 quode

260 1513 379 1576 licebat
402 1514 587 1578 sedentibus
612 1514 697 1577 vesci
722 1535 795 1578 cum
817 1534 901 1598 rege.
937 1510 1125 1598 Castigandi
1145 1534 1200 1577 eos
1219 1536 1289 1577 ver-

260 1602 391 1668 beribu's
415 1604 536 1668 nullius
560 1607 706 1687 potestas
729 1606 857 1686 praeter
881 1603 988 1686 ipsum
1013 1606 1091 1666 erat.
1129 1601 1218 1668 Haec
1237 1624 1289 1667 co·
1309 1618 1324 1666 6

260 1692 336 1756 hors
369 1693 460 1756 velut
491 1693 699 1757 seminarium
729 1692 847 1755 ducum
877 1692 1178 1775 praefectorumque
1202 1692 1289 1776 apud

261 1780 454 1846 Macedonas
482 1781 559 1845 fuit:
592 1780 669 1845 hinc
700 1781 840 1846 habuere
863 1780 986 1864 posteri
1010 1803 1116 1866 regest,
1150 1803 1288 1864 quorum

221 1892 246 1932 15
262 1871 356 1953 stirpi
387 1873 462 1953 post
495 1870 615 1934 multas
650 1874 770 1934 aetates
804 1870 943 1935 Romani
981 1891 1058 1954 opes
1091 1869 1287 1935 ademerunt.

261 1957 367 2044 Igitur
390 1959 598 2042 Hermolaus,
622 1982 702 2042 puer
725 1959 846 2024 nobilis
870 1982 909 2023 ex
932 1959 1021 2043 regia
1045 1960 1191 2042 cohorte,
1215 1976 1324 2024 cumr

261 2071 376 2131 aprum
406 2049 472 2112 telo
504 2053 706 2132 occupasset,
740 2071 836 2132 quem
863 2071 920 2112 rex
943 2048 1039 2113 ferire
1063 2049 1289 2132 destinaverat,

261 2140 351 2201 iussu
375 2137 443 2201 eius
468 2138 655 2202 verberibus
678 2138 825 2202 adfectus
849 2142 906 2201 est.
948 2137 1052 2215 Quam
1076 2137 1288 2224 ignominiam

261 2249 356 2312 aegre
379 2228 486 2292 ferens
511 2228 626 2293 deflere
648 2228 734 2311 apud
749 2226 933 2292 Sostratum
953 2228 1068 2311 coepit.
1106 2227 1157 2291 Ex
1177 2229 1288 2292 eadem
1308 2244 1323 2290 8

220 2339 246 2377 ao
261 2317 394 2380 cohorte
423 2321 491 2381 erat
515 2316 697 2400 Sostratus,
730 2339 839 2382 amore
870 2317 939 2381 eius
967 2317 1096 2383 ardens:
1130 2318 1186 2400 qui
1214 2339 1288 2382 cum

260 2405 437 2471 laceratum
457 2427 584 2490 corpus,
609 2408 726 2491 inquo
745 2406 922 2490 deperibat,
941 2406 1132 2490 intueretur,
1150 2408 1288 2471 forsitan

261 2493 339 2558 olim
368 2496 409 2559 ob
434 2496 531 2560 aliam
557 2519 685 2581 quoque
710 2518 839 2561 causam
862 2496 934 2582 regi
956 2496 1108 2579 infestus,
1139 2498 1287 2560 iuvenem

261 2608 319 2648 sua
347 2589 461 2667 sponte
489 2587 554 2649 iani
583 2591 706 2650 motum
732 2585 807 2650 data
830 2586 894 2649 fide
918 2589 1113 2669 acceptaque
1136 2585 1287 2669 perpulit,

260 2678 297 2736 ut
322 2675 489 2739 occidendi
512 2698 620 2761 regem
647 2676 819 2739 consilium
843 2695 952 2738 secum
976 2674 1080 2738 iniret.
1119 2674 1189 2738 Nec
1212 2692 1320 2757 pue-s

219 2764 312 2827 sarili
333 2765 456 2848 impetu
474 2787 540 2828 rem
565 2766 692 2829 executi
711 2768 800 2828 sunt:
825 2764 945 2847 quippe
965 2766 1111 2828 sollerter
1130 2762 1289 2848 legerunt,

261 2875 342 2935 quos
365 2853 400 2916 in
424 2855 612 2919 societatem
632 2854 761 2919 sceleris
783 2853 1006 2917 adsciscerent.
1053 2852 1288 2935 Nicostratum,

261 2942 471 3024 Antipatrum
494 2943 830 3026 Asclepiodorumque
856 2946 888 3006 et
912 2940 1064 3006 Philotan
1088 2941 1212 3025 placuit
1235 2943 1288 3005 ad-

261 3032 357 3094 sumi:
390 3054 448 3113 per
471 3033 531 3097 hos
555 3032 672 3097 adiecti
696 3036 772 3096 sunt
795 3030 942 3095 Anticles
965 3035 998 3094 et
1021 3030 1232 3115 Aphthonius
1256 3036 1288 3096 et

259 3118 444 3201 Epimenes.
486 3120 634 3187 Ceterum
657 3120 800 3206 agendae
821 3120 870 3185 rei
894 3120 980 3183 haud
1004 3142 1079 3185 sane
1102 3120 1209 3186 facilis
1233 3143 1288 3204 pa·
1309 3136 1342 3184 10

334 3285 347 3330 1
368 3278 557 3349 principibus]
577 3277 722 3348 princibus
741 3283 769 3332 P.
869 3284 885 3331 3
905 3278 1088 3333 abhorrentia
1107 3284 1127 3331 B
1148 3296 1182 3332 m.
1202 3284 1287 3334 secli

259 3367 294 3405 m.
309 3366 373 3404 rec:
394 3349 576 3404 adhortentia
590 3355 621 3404 A.
694 3356 710 3403 6
730 3349 995 3422 introducebantur]
1019 3349 1286 3405 introducebaturlt

260 3441 294 3475 m.
307 3440 351 3489 pr.
440 3422 576 3504 dquam]
594 3438 651 3489 qua
673 3427 701 3475 P.
795 3427 828 3475 13
848 3422 1042 3493 seminarium]
1069 3422 1239 3476 seminarum
1260 3427 1285 3475 0.

261 3498 294 3547 15
309 3493 392 3561 stirpi
406 3494 483 3565 post]
494 3492 631 3562 stirp1bus
651 3499 677 3548 0.
722 3500 755 3547 16
766 3493 893 3564 cohorte]
904 3494 1043 3563 quohorte
1052 3500 1080 3547 P.
1125 3499 1157 3548 17
1173 3494 1286 3565 aprum]

259 3583 342 3633 prum
361 3569 389 3617 P.
466 3570 500 3617 26
519 3565 648 3619 sollerter
665 3571 692 3619 1:
716 3565 835 3619 solerter
853 3569 883 3619 A.
958 3571 991 3618 26
1011 3565 1213 3635 adsciscerent]
1237 3565 1287 3618 ad-

260 3637 410 3690 sciscerent
419 3643 447 3701 P,
459 3636 627 3691 ascisserent
637 3643 662 3689 0.
712 3642 745 3690 27
756 3635 940 3705 Antipatrum
949 3642 975 3691 1:
989 3636 1193 3706 anticipatruin
1200 3641 1231 3689 A.

259 3708 408 3779 Philotan]
424 3708 562 3776 phylotas
580 3713 610 3764 P.
709 3713 744 3761 28
764 3709 793 3761 et
811 3708 993 3777 Aphthonius
1016 3710 1128 3776 scripsi:
1158 3707 1285 3775 elaptho-

260 3780 323 3832 nius
342 3784 370 3846 P,
390 3779 551 3848 elaptonius
571 3786 596 3833 c.
670 3786 704 3832 29
724 3779 876 3848 Epimenes
895 3780 998 3835 Aldus:
1019 3779 1183 3848 ephimanes
1200 3784 1231 3833 A.

260 3851 350 3922 haud]
369 3853 440 3905 haut
457 3857 526 3906 Pm.
537 3870 593 3921 pr,
611 3852 669 3905 hau
687 3858 707 3904 L
722 3869 756 3906 m.
770 3870 813 3921 pr.

314 3951 420 3992 Curuios
434 3952 516 3991 Rarus
531 3950 566 3991 ed
580 3950 719 3992 Hedicke.
746 3951 791 3992 nd.
805 3951 890 3993 mator.
1098 3945 1138 3992 Χῖ)
