3150 4459
322 480 389 544 374
699 479 731 544 Q.
751 480 861 535 CUR'PI
878 481 966 535 RUFI

321 666 409 708 mum
429 644 543 707 virtuti
561 643 716 719 debuerit,
739 644 814 727 plus
833 644 981 708 debuisse
1000 645 1157 727 fortunae,
1182 666 1287 728 quam
1307 668 1358 711 so-

320 732 372 795 lus
396 734 538 797 omnium
562 734 749 797 mortalium
776 732 811 797 in
833 737 994 818 potestate
1017 733 1140 798 habuit.
1189 732 1357 809 Quotiens

321 822 414 889 illum
443 845 462 884 a
488 825 592 885 morte
620 822 796 886 revocavitl
827 822 977 905 quotiens
1001 826 1121 886 temere
1144 824 1179 885 in
1202 824 1358 907 pericula

268 914 450 977 advectum
486 915 641 994 perpetua
677 911 834 975 felicitate
870 912 1025 997 protexit!
1083 910 1180 975 Vitae
1218 933 1357 997 quoque

319 1000 416 1063 finem
451 999 585 1063 eundem
619 1000 668 1065 illi
700 1022 796 1084 quern
830 1000 952 1085 gloriae
980 1000 1107 1064 statuit:
1137 1004 1357 1085 expectavere
1383 1028 1392 1067 s

320 1110 393 1153 eum
423 1088 503 1171 fata,
535 1089 610 1153 dum
643 1088 774 1153 Oriente
807 1090 987 1172 perdomito
1021 1090 1174 1173 aditoque
1207 1087 1355 1173 Oceano,

320 1177 478 1262 quidquid
501 1177 681 1242 mortalitas
705 1179 860 1263 capiebat,
884 1178 1029 1261 inpleret.

267 1283 299 1332 37
388 1265 473 1331 Huic
491 1268 561 1352 regi
580 1268 718 1349 ducique
737 1288 904 1332 successor
923 1267 1144 1349 quaerebatur,
1171 1267 1228 1331 sed
1244 1270 1356 1333 maior

319 1356 421 1419 moles
450 1359 531 1438 erat,
564 1378 660 1438 quarn
683 1360 720 1419 ut
742 1377 827 1419 unus
851 1356 961 1421 subire
984 1378 1054 1420 eam
1077 1360 1202 1439 posset:
1238 1358 1354 1442 itaque

319 1466 437 1508 nomen
461 1467 589 1528 quoque
613 1445 681 1508 eius
705 1449 737 1509 et
759 1445 846 1508 fama
868 1468 976 1509 rerum
997 1447 1157 1509 intutum
1176 1468 1390 1530 propemoro

320 1532 397 1596 dum
421 1534 531 1598 orbem
554 1555 646 1619 reges
670 1555 708 1598 ac
730 1556 830 1620 regna
852 1535 990 1619 diffudit,
1014 1535 1252 1618 clarissimique
1273 1541 1354 1601 sunt

319 1621 437 1706 habiti,
471 1624 528 1705 qui
556 1624 653 1686 etiarn
683 1624 836 1687 minimae
864 1623 950 1707 parti
978 1628 1088 1688 tantae
1116 1622 1269 1689 fortunae
1297 1626 1351 1689 ad-

321 1710 501 1777 haeserunt.

265 1807 305 1861 VI
389 1799 538 1865 Ceterum
559 1800 727 1884 Babylone
744 1840 790 1847 —
809 1802 883 1865 inde
907 1804 993 1865 enirn
1017 1802 1155 1865 devertit
1178 1801 1286 1866 oratio
1308 1807 1392 1861 -1r

320 1890 464 1973 corporis
493 1891 561 1954 eius
590 1891 738 1955 custodes
766 1890 802 1954 in
829 1891 951 1975 regiam
982 1891 1144 1974 principes
1168 1890 1352 1956 amicorum
1365 1916 1386 1957 ιι

320 1979 480 2061 ducesque
515 1981 679 2063 copiarum
713 1979 916 2044 advocavere.
973 1978 1089 2043 Secuta
1122 1983 1171 2042 est
1203 1979 1352 2044 militum

319 2068 416 2131 turba
449 2069 647 2151 cupientium
683 2069 779 2152 scire,
812 2070 845 2132 in
879 2090 975 2151 quem
1006 2066 1183 2132 Alexandri
1214 2069 1352 2133 fortuna

284 2160 404 2221 resset
434 2158 616 2221 transitura.
662 2157 760 2221 Multi
788 2157 884 2221 duces
912 2158 1095 2240 frequentia
1125 2156 1272 2221 militum
1297 2180 1351 2222 ex·

320 2244 401 2308 clusi
419 2245 541 2330 regiam
560 2246 681 2309 intrare
699 2269 766 2309 non
783 2251 944 2330 poterant,
966 2269 1038 2310 curn
1057 2267 1173 2329 praeco
1194 2250 1350 2332 exceptis,

320 2336 376 2416 qui
398 2335 590 2398 nominatim
614 2335 803 2419 citarentur,
831 2336 918 2399 adire
946 2335 1141 2420 prohiberet.
1189 2333 1255 2399 Sed
1279 2359 1351 2420 pre
1364 2362 1386 2401 so

284 2423 442 2487 acarium
475 2425 687 2506 spernebatur
719 2424 899 2507 imperium.
951 2425 999 2488 Ao
1031 2425 1173 2508 primum
1206 2426 1350 2490 eiulatus

319 2513 433 2597 ingens
456 2513 667 2595 ploratusque
690 2518 864 2577 renovatus
889 2517 946 2598 est,
970 2514 1085 2577 deinde
1108 2513 1211 2576 futuri
1235 2535 1350 2598 expec-

284 2602 401 2666 iterio
426 2600 574 2665 inhibitis
597 2601 741 2665 lacrimis
765 2604 930 2666 silentium
953 2602 1039 2666 fecit.
1084 2602 1174 2666 Tunc
1194 2602 1352 2669 Perdicca

319 2691 409 2774 regia
432 2693 511 2753 sella
534 2690 568 2753 in
592 2696 801 2773 conspectum
824 2692 913 2775 volgi
937 2692 1025 2775 data,
1055 2693 1090 2754 in
1114 2713 1177 2774 qua
1201 2691 1351 2757 diadema

318 2779 482 2861 vestisque
500 2779 678 2843 Alexandri
702 2802 773 2843 cum
799 2781 897 2844 armis
921 2785 1021 2862 erant,
1045 2782 1178 2844 anulum
1200 2781 1265 2844 sibi
1284 2783 1350 2866 pri·
1364 2805 1385 2845 rs

319 2867 370 2930 die
398 2868 552 2932 traditum
582 2892 600 2931 a
623 2890 699 2954 rege
727 2869 761 2932 in
791 2870 900 2933 eadem
930 2869 1005 2933 sede
1033 2870 1151 2953 posuit.
1202 2868 1351 2945 Quorum

319 2960 452 3039 aspectu
481 2979 594 3020 rursus
627 2958 760 3023 obortae
792 2958 942 3022 omnibus
970 2960 1121 3022 lacrimae
1145 2958 1351 3043 integravere

284 3045 458 3129 eloctum,
490 3049 522 3109 et
546 3046 710 3111 Perdicca:
741 3047 825 3133 ‘Ego
855 3047 1011 3130 quidem,'
1042 3048 1162 3130 inquit,
1194 3048 1350 3133 ‘anulum

320 3155 385 3216 quo
409 3135 464 3198 ille
488 3136 580 3219 regni
605 3140 702 3218 atque
726 3136 855 3219 imperii
873 3158 923 3200 res
944 3137 1117 3221 obsignare
1136 3140 1205 3199 erat
1224 3138 1351 3221 solitus,

284 3222 475 3288 otraditum
504 3224 544 3287 ab
577 3226 648 3307 ipso
680 3226 761 3288 mihi
793 3225 890 3289 reddo
914 3225 1017 3289 vobis.
1064 3224 1214 3289 Ceterum
1238 3248 1386 3309 quam-ro

393 3367 406 3414 1
424 3362 566 3434 debuisse]
583 3364 726 3417 debuisset
736 3370 763 3416 P.
825 3370 840 3416 3
857 3365 1000 3436 quotiens]
1016 3364 1151 3433 quociens
1166 3371 1193 3419 L.
1254 3365 1349 3437 illum]

319 3436 426 3488 temero
440 3439 461 3484 P
475 3451 510 3487 m.
519 3452 564 3501 pr.
629 3434 793 3506 floriente]
812 3436 950 3489 moriente
965 3442 994 3490 P.
1060 3435 1183 3506 Oceano]
1199 3452 1307 3489 aceano
1321 3443 1350 3490 P.

320 3510 336 3558 9
351 3505 436 3575 unus]
451 3505 535 3557 unius
549 3511 577 3557 P.
635 3512 667 3559 12
683 3506 883 3577 adhaeserunt]
900 3508 1051 3561 adeserunt
1066 3514 1094 3560 P.
1155 3513 1188 3560 14
1203 3507 1350 3577 Babylone

321 3582 391 3630 Bm.
405 3592 468 3630 θεας
483 3576 616 3629 babilone
630 3583 676 3630 PP
690 3595 724 3631 m.
731 3594 787 3646 pr,
803 3577 948 3632 babillone
962 3583 982 3630 B
997 3597 1031 3632 m.
1043 3595 1089 3661 pr.
1100 3584 1156 3631 LV.
1217 3584 1249 3631 16
1266 3579 1350 3633 advo-

321 3647 432 3718 cavero]
443 3647 580 3701 advocare
589 3654 610 3700 Ρ
619 3667 653 3702 m.
660 3666 706 3717 pr.
759 3654 792 3701 18
805 3649 973 3718 transitura]
983 3651 1119 3703 trasrtura
1128 3656 1156 3702 L.
1213 3655 1248 3703 20
1259 3650 1350 3721 adire]

322 3719 420 3774 adhire
439 3724 508 3771 Pm.
519 3736 564 3787 pr.
629 3719 802 3789 prohiberet]
823 3720 966 3788 proiberet
984 3727 1053 3774 Pm.
1064 3739 1109 3790 pr.
1178 3726 1211 3774 21
1232 3720 1274 3774 Ac
1293 3721 1350 3790 pri·

213 3838 215 3840 ,
321 3809 399 3844 mum
423 3791 534 3843 Lauer:
562 3790 598 3842 ad
621 3790 743 3859 primum
766 3795 797 3843 Δ.
877 3798 911 3845 24
936 3793 1129 3863 conspectum]
1149 3795 1304 3860 conspectu
1322 3798 1349 3845 1..

323 3868 357 3917 26
369 3861 447 3931 sede]
459 3860 554 3915 sedern
564 3867 591 3913 P.
649 3867 682 3915 29
693 3861 818 3932 imperii]
828 3862 947 3930 imperio
957 3868 986 3915 1..
1040 3881 1082 3917 res
1093 3864 1222 3929 Sobeffer:
1232 3864 1309 3918 uires
1319 3868 1348 3916 Δ.
