3150 4459
473 438 729 492 HISTORIARUM
747 437 963 491 ALEXANDRI
982 440 1015 507 X,
1035 447 1060 493 4.
1214 440 1280 504 365

253 603 386 667 multum
418 608 589 685 rnooerant,
621 607 650 665 et
680 602 755 666 baec
786 601 911 683 quidem
937 608 1108 684 paternum
1141 624 1281 685 repnum,

257 692 421 774 Olympias
439 692 578 773 Epirum
596 697 804 772 occupaverat.
837 691 940 775 Forte,
964 693 1040 756 dum
1059 693 1213 756 eiusmodi
1232 692 1283 755 lit-

254 788 336 846 terae
362 782 550 858 redduntur,
583 780 808 861 Hephaestion,
841 782 896 861 qui
923 782 1064 846 omnium
1093 802 1283 846 arcanorum

248 872 409 952 particeps
432 871 606 946 baberetur,
633 872 811 951 resipnatas
844 870 882 933 ab
906 868 1091 935 Alexandro
1114 871 1210 935 monui
1232 871 1283 933 in-

253 960 408 1041 spiciebat.
452 960 559 1040 Neque
580 960 711 1042 retinnit
733 981 803 1023 eum
825 979 888 1036 reu,
912 962 967 1023 sed
990 961 1160 1024 detractum
1184 960 1282 1040 dipito

254 1050 385 1113 anulum
408 1051 457 1113 ori
475 1049 600 1129 tepentis
619 1050 766 1130 admouit,
785 1048 867 1112 nibil
881 1070 994 1126 eorunr,
1013 1070 1092 1130 quae
1104 1051 1282 1129 perscripta

253 1144 358 1215 essent,
382 1142 417 1202 in
441 1140 521 1202 alios
543 1139 734 1219 efferendum
756 1139 949 1219 siqnidcans.
990 1137 1156 1202 Incusasse
1179 1143 1283 1202 annm

253 1228 359 1292 ambos
388 1229 490 1309 fertur
519 1233 547 1291 et
569 1228 681 1291 matris
708 1228 876 1291 insolentia
896 1232 1058 1307 permotus
1085 1228 1282 1305 exclamasse,

253 1338 323 1380 earn
343 1338 401 1399 pro
425 1317 615 1381 habitatione
638 1318 738 1380 decem
759 1317 923 1398 mensium,
946 1337 1041 1396 quam
1064 1317 1100 1380 in
1118 1322 1203 1381 utero
1222 1316 1284 1381 sibi

247 1407 456 1489 praebuisset,
484 1424 611 1487 prooem
638 1408 805 1470 mercedem
828 1406 959 1489 eripere,
982 1406 1190 1486 Antipatrum
1213 1426 1282 1470 uero

252 1501 426 1577 suspectum
455 1497 599 1560 babuisse
625 1501 722 1576 parta
752 1516 789 1559 cn
819 1493 990 1575 Spartanis
1019 1496 1149 1559 uictoria
1182 1494 1283 1559 tollere

253 1586 377 1648 animos
400 1591 427 1649 et
450 1586 580 1666 imperio
603 1586 735 1649 tetiam
759 1604 861 1649 annos
882 1590 1049 1665 proropato
1071 1604 1170 1666 supra
1188 1605 1282 1666 prae-

251 1676 325 1756 fecti
352 1675 479 1738 modum
507 1694 569 1739 esse
592 1674 716 1738 elatum.
759 1674 870 1754 ltaque
892 1694 961 1737 cnm
985 1675 1051 1737 eius
1072 1676 1215 1754 prauitas
1237 1679 1286 1738 at·-

253 1784 311 1845 quc
333 1765 497 1845 inteqritas
519 1784 541 1827 a
563 1763 750 1845 qmbusdam
771 1763 1021 1846 praedicaretur,
1049 1763 1210 1843 respoudit
1232 1782 1284 1827 en·

253 1854 350 1916 terius
368 1853 493 1933 quidem
512 1852 618 1916 album
637 1854 745 1930 uideri,
763 1854 819 1917 sed
835 1853 866 1916 si
879 1853 1007 1932 penitus
1025 1854 1283 1932 introspiceretur,

253 1948 349 2005 totum
373 1961 435 2005 esse
452 1963 656 2023 purpureum.
695 1940 818 2005 Pressit
840 1946 944 2005 tamen
966 1942 1173 2021 suspiriorum
1191 1961 1283 2005 snam

253 2052 350 2111 neque
372 2031 472 2094 ullum
496 2032 697 2111 manifestius
719 2031 893 2095 abalienati
916 2032 1021 2093 animi
1039 2031 1194 2093 indicium
1207 2051 1285 2111 pro-

253 2121 332 2184 tulit.
380 2119 547 2184 Credidere
574 2126 678 2184 tamen
706 2120 849 2201 plerique
874 2118 1081 2200 Antipatrum
1110 2120 1226 2183 arcessi
1252 2139 1285 2183 se

252 2209 401 2290 supplicii
429 2229 525 2273 cansa
547 2215 654 2273 ratum
676 2210 777 2290 impiis
804 2208 936 2273 insidiis
959 2210 1068 2273 mortis
1090 2210 1181 2291 repis,
1205 2230 1284 2290 quae

249 2298 348 2380 pardo
368 2304 439 2378 post
461 2303 563 2362 secuta
586 2302 639 2374 est,
663 2304 818 2363 auctorem
841 2299 985 2363 extitisse.
1165 2352 1166 2355 η

321 2388 447 2451 Interea
465 2409 529 2466 ren,
550 2394 586 2451 nt
603 2389 756 2452 inminuti
773 2388 924 2451 ermmtus
942 2387 1128 2451 detrimenta
1145 2389 1285 2464 sarciret,

254 2479 406 2556 optimum
429 2498 577 2559 quemque
592 2476 765 2541 Persarum
789 2479 825 2541 in
844 2477 1060 2541 Macedonicos
1082 2477 1208 2540 ordines
1227 2476 1285 2539 ad·

253 2566 341 2647 lepit:
366 2566 452 2630 mille
474 2569 569 2631 etiarn
587 2568 878 2647 praestantissimos
895 2567 1067 2647 sepreqaoit
1085 2565 1130 2629 ad
1148 2567 1285 2645 corporis

253 2655 444 2719 custodiam:
476 2656 577 2720 aliam
608 2656 803 2721 hastatorum
832 2676 976 2733 manum,
1009 2655 1096 2718 baud
1119 2657 1287 2737 pauciores

254 2746 354 2809 decem
382 2745 522 2824 milibus,
553 2746 598 2809 od
623 2748 744 2827 replum
768 2744 1002 2808 tabernaculum
1026 2743 1172 2808 excubias
1195 2764 1285 2825 apere

253 2835 354 2899 iussit.
410 2834 499 2898 Haec
532 2837 638 2916 apenti
671 2834 831 2898 Peucestes
865 2834 1041 2915 superuenit
1072 2853 1142 2896 curn
1170 2834 1284 2914 oiqinti

254 2923 382 2987 milibus
409 2925 646 3005 sopittariorum
672 2924 941 3004 funditorumque,
973 2942 1048 3002 quos
1070 2942 1107 2985 en
1130 2942 1189 2985 sna
1210 2942 1283 3002 pro-

252 3012 359 3076 uincia
387 3018 530 3093 coeperat.
576 3013 642 3077 His
658 3034 718 3094 per
741 3014 907 3076 exercitum
930 3012 1106 3076 distributis
1123 3011 1283 3091 profectus

253 3107 298 3165 est
319 3100 412 3166 Susis
434 3108 462 3165 ct
487 3102 644 3183 Pasitiqri
672 3122 765 3166 amne
791 3102 917 3165 traiecto
941 3101 1028 3180 apud
1052 3098 1155 3164 (laras
1178 3106 1283 3164 castra

254 3196 386 3255 metatus
409 3197 460 3255 est.
512 3193 595 3256 Inde
623 3192 802 3273 quadriduo
819 3211 880 3271 per
907 3189 1083 3253 Sittacenen
1112 3190 1213 3254 ductis
1237 3209 1284 3252 co-

247 3282 317 3362 piis
340 3278 505 3344 Sambana
528 3283 679 3362 processit
704 3281 807 3361 ibique
829 3300 889 3360 per
915 3285 1029 3360 septem
1051 3278 1118 3342 dies
1140 3278 1283 3343 substitit.

257 3370 373 3432 Tridui
391 3371 502 3433 duride
524 3372 636 3434 itinere
654 3389 773 3434 emenso
789 3368 921 3433 Odonus
934 3373 1116 3449 peruentum
1135 3373 1186 3431 est.
1224 3366 1284 3447 Op-

247 3459 365 3538 pidum
383 3459 437 3522 boc
455 3464 557 3523 tenent
570 3459 700 3523 Boeotia
712 3459 855 3540 profecti,
874 3477 949 3538 quos
966 3456 1087 3520 Xernes
1106 3477 1143 3519 en
1160 3456 1284 3522 sedibus

253 3548 321 3612 suis
349 3550 460 3611 excitos
489 3550 525 3612 in
553 3547 708 3612 Orientem
735 3547 913 3612 transtulit:
945 3546 1168 3626 servabantque
1191 3567 1284 3627 arqu-

254 3642 391 3701 mentum
421 3639 555 3719 oriqinis
577 3638 770 3719 peculiarem
797 3656 968 3700 sermonem
995 3656 1033 3700 en
1064 3634 1195 3700 Graecis
1221 3634 1285 3715 ple-

253 3747 384 3806 rumque
412 3728 535 3791 vocibuis
564 3732 764 3805 constantem,
794 3731 924 3789 ceterum
950 3730 1079 3806 propter
1110 3724 1285 3789 commercii

254 3818 465 3881 necessitatem
493 3818 702 3898 finitimorum
732 3815 938 3879 barbarorum
969 3814 1080 3895 linqua
1110 3814 1284 3877 utebantur.
