3150 4459
318 426 382 491 166
695 426 726 490 Q.
747 426 857 481 OURTI
875 426 962 481 RUFI
1062 462 1065 467 -

315 588 577 654 Lacedaemoniis
597 610 726 673 quoque
745 594 777 653 ct
793 588 1026 673 Sinopensibus
1046 590 1185 671 daretur,
1208 611 1343 672 respon-

281 678 392 744 7dent
416 701 459 762 se,
482 680 559 762 quid
583 679 743 765 agendum
766 678 845 763 ipsis
869 680 962 762 foret,
992 678 1234 742 deliberaturos.
1282 678 1343 742 Le-

315 767 384 853 gati
416 773 507 831 erant
534 768 861 833 Lacedaemoniorum
893 769 984 833 missi
1017 768 1057 831 ad
1084 768 1240 832 Dareum:
1275 790 1342 852 quo

314 857 401 922 victo
425 856 649 941 adplicuerant
673 880 706 922 sc
722 855 851 921 Graecis
874 864 1019 922 mercede
1043 857 1128 940 apud
1143 856 1258 922 Persas
1280 858 1341 920 mi·

278 945 494 1011 clitantibus.
545 945 615 1011 lter
648 947 776 1011 omissis
810 946 1020 1030 sponsionum
1052 946 1191 1030 fideique
1224 948 1342 1031 pigno-
1368 973 1380 1012 s

314 1035 403 1099 ribus
427 1036 535 1099 venire
558 1057 613 1100 eos
637 1036 744 1118 iussit,
774 1036 951 1118 fortunam,
975 1057 1072 1119 quam
1096 1037 1164 1120 ipse
1188 1035 1342 1118 dedisset,

313 1123 491 1189 habituros.
538 1124 603 1188 Diu
631 1129 820 1191 cunctantes
843 1123 1005 1208 plerisque
1028 1125 1163 1189 consilia
1187 1126 1342 1189 varianti-

279 1212 374 1278 abus
403 1213 533 1279 tandem
565 1218 718 1278 venturos
747 1236 780 1279 se
808 1214 1011 1298 pollicentur.
1061 1213 1106 1277 At
1129 1213 1341 1278 Democrates

314 1301 536 1385 Atheniensis,
568 1303 625 1386 qui
658 1305 797 1368 maxime
820 1302 1033 1367 Macedonum
1065 1304 1180 1385 opibus
1211 1325 1341 1387 semper

315 1391 495 1476 obstiterat,
519 1392 685 1476 desperata
708 1394 802 1459 venia
825 1392 933 1477 gladio
957 1414 990 1455 se
1009 1393 1180 1477 transfigit.
1222 1390 1342 1478 Ceteri,
1356 1420 1380 1458 ιο

314 1480 397 1545 sicut
422 1482 663 1564 constituerant,
692 1482 812 1547 dicioni
835 1480 1011 1545 Alexandri
1034 1481 1123 1565 ipsos
1147 1504 1180 1545 se
1204 1482 1341 1566 permit·

262 1587 295 1635 10
313 1573 397 1634 tunt.
443 1588 470 1633 M
494 1574 526 1634 et
549 1588 574 1635 1)
593 1570 712 1635 milites
737 1575 837 1655 crant,
860 1575 986 1653 praeter
1007 1571 1067 1634 hos
1091 1570 1191 1657 legati
1214 1571 1254 1634 ad
1276 1570 1340 1635 Da-

313 1681 402 1723 reum
431 1660 524 1724 missi
552 1677 607 1723 xe.
657 1658 696 1724 In
724 1662 985 1745 supplementum
1013 1660 1205 1725 distributus
1234 1660 1340 1743 miles,

314 1750 413 1812 ceteri
431 1749 557 1814 remissi
572 1749 703 1813 domum
718 1754 845 1833 praeter
858 1748 1137 1832 Lacedaemonios,
1156 1772 1237 1832 quos
1252 1751 1339 1813 tradi

313 1837 349 1901 in
372 1837 551 1903 custodiam
574 1839 676 1903 iussit.
1354 1865 1378 1905 15

262 1943 293 1990 11
381 1925 568 1991 Mardorum
592 1932 660 1992 erat
679 1951 758 2014 gens
778 1927 913 1993 confinis
928 1926 1119 2011 Hyrcaniae,
1142 1929 1232 1991 cultu
1250 1929 1339 1992 vitae
1355 1936 1390 1989 lt

314 2037 427 2099 aspera
459 2020 491 2079 ct
520 2017 699 2081 latrociniis
732 2017 877 2081 adsueta:
910 2017 989 2081 haec
1020 2019 1088 2081 sola
1119 2038 1179 2081 nec
1210 2015 1337 2102 legatos

313 2104 446 2169 miserat
477 2128 535 2169 nec
564 2106 735 2171 videbatur
766 2108 924 2190 imperata
955 2106 1088 2170 factura.
1141 2104 1254 2189 Itaque
1279 2128 1337 2170 rex

314 2193 510 2279 indignatus,
525 2195 552 2258 si
570 2218 634 2259 una
653 2218 732 2280 gens
751 2199 862 2279 posset
873 2192 1014 2278 efficere,
1032 2218 1073 2259 nc
1087 2196 1226 2259 invictus
1242 2198 1337 2280 esset,

313 2281 542 2366 inpedimentis
566 2305 639 2349 cum
663 2284 823 2367 praesidio
847 2285 968 2350 relictis
992 2285 1098 2348 valida
1121 2306 1219 2348 manu
1239 2285 1337 2347 comi·
1352 2313 1378 2352 so

261 2384 294 2432 12
312 2375 403 2435 tante
420 2372 574 2456 procedit.
611 2372 721 2438 Noctu
739 2375 802 2438 iter
820 2375 948 2457 fecerat,
972 2376 1004 2438 ct
1023 2375 1127 2456 prima
1145 2372 1217 2438 luce
1232 2374 1336 2438 hostis

313 2461 348 2525 in
370 2466 544 2543 conspectu
563 2466 644 2527 erat:
667 2462 828 2528 tumultus
847 2464 950 2549 magis
970 2486 1066 2546 quam
1085 2464 1244 2546 proelium
1263 2463 1336 2527 fuit.

314 2548 486 2614 Deturbati
510 2572 549 2615 ex
573 2551 718 2630 collibus,
744 2574 825 2635 quos
845 2556 1088 2635 occupaverant,
1112 2552 1240 2615 barbari
1262 2575 1336 2635 pro-

314 2639 477 2723 fugerunt,
499 2641 704 2725 proximique
727 2642 791 2706 vici
815 2642 854 2707 ab
878 2641 992 2706 incolis
1016 2641 1133 2705 deserti
1156 2642 1335 2725 capiuntur.

262 2742 295 2791 18
314 2725 473 2793 Interiora
504 2730 646 2815 regionis
674 2731 743 2795 eius
775 2731 862 2795 haud
895 2753 971 2794 sane
1003 2730 1084 2794 adiri
1117 2732 1185 2794 sine
1218 2753 1336 2815 magna
1352 2758 1377 2798 as

313 2819 484 2883 vexatione
512 2819 670 2884 exercitus
694 2822 857 2905 poterant:
890 2821 966 2905 iuga
989 2819 1149 2884 montium
1173 2819 1337 2903 praealtae

314 2907 415 2971 silvae
438 2930 598 2992 rupesque
622 2909 727 2973 inviae
751 2911 913 2993 saepiunt,
947 2932 997 2991 ea,
1028 2930 1108 2991 quae
1131 2909 1228 2991 plana
1251 2915 1336 2992 sunt⁷

262 3012 295 3059 14
313 3018 398 3061 novo
427 2998 618 3061 munimenti
648 3020 763 3083 genere
786 2999 988 3082 inpedierant
1009 2998 1146 3063 barbari.
1193 2998 1337 3062 Arbores

387 3250 401 3296 1
422 3245 451 3297 et
469 3242 672 3313 Sinopensibus
693 3245 821 3299 Modica:
848 3247 892 3299 est
914 3245 1096 3314 inopensibus
1111 3250 1141 3297 A.
1221 3261 1336 3314 respon-

314 3314 393 3384 dent]
413 3315 585 3383 respondens
603 3322 631 3369 1..
688 3321 703 3367 2
724 3332 762 3381 se,
781 3316 850 3384 quid
872 3318 992 3372 Giwntux
1012 3317 1036 3371 si
1055 3317 1124 3385 quid
1142 3321 1172 3369 A.
1234 3322 1268 3371 10
1286 3317 1335 3370 ob·

314 3386 439 3456 stiterat]
458 3386 571 3440 obterat
588 3393 607 3438 L
623 3405 656 3440 m.
667 3405 712 3458 pr.
727 3393 748 3439 P
761 3405 796 3441 m.
807 3406 852 3457 pr.
958 3389 1118 3459 desperata]
1138 3388 1288 3457 desparata
1306 3394 1334 3441 Ρ.

315 3462 347 3510 11
369 3471 398 3509 se
417 3458 598 3529 permittunt]
617 3476 726 3528 semper
744 3459 863 3513 mittunt
881 3464 949 3514 Bm.
960 3479 1006 3529 pr.
1021 3465 1078 3512 Π.
1142 3464 1174 3512 13
1194 3460 1334 3531 xo]ic1’.

317 3534 349 3582 17
369 3543 421 3581 noc
439 3526 561 3600 legatos]
586 3530 752 3600 neglegatos
770 3537 792 3582 Ρ
810 3550 844 3585 m.
859 3548 905 3600 pr.
925 3536 955 3582 V.
1065 3537 1098 3584 19
1118 3531 1203 3601 esset]
1224 3547 1284 3584 esse
1304 3535 1334 3582 V.

315 3604 350 3652 20
364 3598 460 3652 valida
476 3601 662 3656 Muetaetliuo:
678 3601 786 3655 inuicta
801 3607 831 3657 A.
887 3607 918 3654 21
939 3602 1058 3674 fecerat]
1073 3602 1146 3657 ferat
1159 3608 1190 3654 V.
1246 3603 1287 3673 et]
1301 3618 1335 3655 ex

314 3676 383 3724 Pru.
396 3688 441 3739 pr.
506 3677 539 3724 23
559 3674 641 3744 quos]
660 3689 731 3740 quas
747 3679 775 3725 Ρ.
832 3679 866 3727 24
886 3673 1001 3744 deserti]
1021 3674 1094 3728 derti
1108 3680 1135 3727 L.
1192 3680 1226 3726 25
1245 3673 1334 3745 haud]

316 3745 366 3796 aut
383 3748 404 3794 Ρ
421 3760 513 3812 m.1›r.
605 3745 684 3816 sane]
706 3760 775 3798 sana
794 3749 824 3797 v.
916 3751 950 3798 26
969 3746 1119 3816 montium]
1143 3745 1286 3798 monoium
1304 3750 1334 3797 v.

315 3820 349 3867 27
364 3814 462 3885 plana]
474 3814 559 3883 plena
570 3822 594 3867 c.
651 3821 685 3869 28
699 3814 878 3888 munimenti]
889 3818 1093 3871 monumentiF
1107 3835 1142 3872 m.
1153 3822 1230 3885 pa?
1244 3835 1278 3870 m.
1289 3834 1334 3885 pr.
