3150 4459
435 468 688 524 HISTORIARUM
707 467 921 521 ALEXANDRI
940 468 999 535 VII,
1020 474 1044 521 2.
1060 474 1084 522 3.
1204 468 1268 532 211

249 632 312 695 fide
336 631 484 697 traderet.
528 629 727 715 Simpliciter
750 631 791 693 ad
814 632 1012 696 necessarios
1036 653 1111 695 suos
1135 631 1271 715 quisque

250 722 434 803 scripserat,
467 743 549 803 quae
572 719 744 784 sentiebat:
776 719 848 784 aliis
873 720 980 805 gravis
1004 724 1085 803 erat,
1109 720 1271 804 plerisque

249 831 315 873 non
345 811 473 894 ingrata
497 808 622 874 militia.
668 807 718 873 Ita
741 813 773 873 et
797 810 962 893 agentium
993 808 1112 893 gratias
1137 812 1169 873 et
1197 826 1325 892 que-⁴37

249 899 390 962 rentium
413 899 541 962 litterae
564 901 716 981 exceptae
739 902 824 962 sunt.
862 898 921 983 Et,
944 899 1000 982 qui
1023 899 1108 963 forte
1130 898 1273 965 taedium

223 988 370 1052 elaboris
399 1010 456 1071 per
485 989 610 1051 litteras
634 990 726 1052 erant
753 988 869 1071 questi,
898 986 983 1051 hanc
1010 1009 1136 1052 seorsus
1161 987 1280 1052 cohor·

250 1083 315 1140 tem
339 1100 358 1140 a
381 1078 495 1140 ceteris
519 1076 649 1141 tendere
672 1076 870 1163 ignominiae
894 1098 990 1141 causa
1006 1076 1116 1161 iubet,
1145 1076 1273 1141 fortitu·

250 1166 323 1229 dine
356 1188 472 1230 usurus
505 1166 539 1229 in
571 1166 670 1243 bello,
702 1165 887 1230 libertatem
919 1164 1049 1251 linguae
1077 1165 1117 1230 ab
1141 1166 1272 1232 auribus

250 1255 387 1319 credulis
416 1258 607 1322 remoturus.
644 1253 683 1319 Id
705 1253 886 1339 consilium,
909 1256 1116 1319 temerarium
1134 1255 1272 1319 forsitan

249 1382 293 1389 —
317 1344 436 1427 quippe
465 1345 636 1408 fortissimi
659 1344 790 1410 iuvenes
813 1345 1009 1409 contumelia
1033 1344 1158 1408 inritati
1182 1348 1272 1408 erant

210 1461 235 1497 10
251 1470 302 1514 ——‚
327 1434 410 1497 sicut
434 1433 543 1497 omnia
561 1433 624 1497 alia
647 1433 785 1499 felicitas
804 1434 891 1519 regis
915 1433 1048 1516 excepit.
1090 1432 1184 1497 Nihil
1207 1432 1272 1497 illis
1292 1448 1326 1497 38

250 1522 290 1585 ad
314 1522 399 1587 bella
421 1523 604 1606 promptius
628 1522 703 1587 fuit:
727 1522 885 1587 incitabat
906 1523 1060 1587 virtutem
1085 1526 1117 1587 et
1135 1522 1272 1607 ignomi-

249 1614 321 1675 niae
349 1611 522 1676 demendae
550 1611 667 1695 cupido
695 1615 740 1694 et,
773 1612 849 1695 quia
872 1611 971 1675 fortia
994 1612 1081 1676 facta
1102 1614 1136 1675 in
1160 1610 1272 1694 paucis

248 1699 349 1764 latere
372 1722 437 1764 non
460 1704 618 1784 poterant.

197 1797 233 1849 11
317 1788 378 1852 His
397 1791 442 1853 ita
459 1789 637 1874 conpositis
651 1787 834 1852 Alexander
848 1788 982 1853 Arsame
996 1788 1206 1871 Drcaparum
1220 1810 1267 1853 sa·
1286 1792 1326 1848 111

211 1905 235 1944 15
249 1882 342 1962 trape
357 1879 534 1942 constituto
549 1877 612 1942 iter
619 1878 826 1961 pronuntiari
835 1877 925 1943 iubet
934 1878 969 1943 in
979 1877 1176 1961 Arimaspos,
1191 1899 1272 1961 quos

252 1968 316 2030 iam
349 1969 427 2031 tunc
459 1971 584 2031 mutato
617 1967 747 2031 nomine
772 1966 953 2052 Euergetas
981 1966 1200 2051 appellabant,
1233 1988 1275 2031 ex.

251 2078 315 2138 quo
339 2056 460 2143 frigore
481 2056 649 2140 victusque
667 2056 804 2140 penuria
820 2054 895 2139 Oyri
914 2056 1090 2121 exercitum
1110 2055 1272 2120 adfectum

251 2145 346 2209 tectis
370 2150 402 2209 et
425 2144 659 2209 commeatibus
682 2145 838 2209 iuverant,
884 2143 1025 2221 Quintus
1049 2145 1213 2230 disserat,
1236 2149 1307 2209 uta

252 2235 285 2297 in
304 2256 373 2298 eam
398 2235 563 2320 regionem
586 2238 784 2318 pervenerat.
824 2233 999 2319 Cognoscit
1022 2232 1273 2319 Satibarzanem,

211 2353 236 2389 ao
252 2324 307 2405 qui
332 2323 372 2388 ad
385 2323 520 2387 Bessum
542 2323 709 2408 defecerat,
733 2345 804 2388 cum
830 2323 976 2408 equitum
997 2345 1094 2387 manu
1112 2324 1272 2407 inrupisse

251 2434 363 2476 rursus
387 2414 419 2475 in
440 2410 548 2477 Arios·
583 2410 697 2497 Itaque
724 2419 831 2477 contro
859 2434 929 2477 eam
947 2414 1036 2479 misit
1059 2411 1218 2477 Caranum
1245 2418 1274 2476 et

251 2502 422 2586 Erigyium
456 2523 528 2565 cum
554 2502 716 2566 Artabazo
749 2505 782 2565 et
805 2501 1005 2566 Andronico:
1037 2524 1092 2580 eos
1122 2520 1158 2564 VI
1181 2500 1271 2565 milia

248 2588 447 2655 Graecorum
471 2591 626 2675 peditum,
649 2608 696 2655 Dc
719 2592 844 2675 equites
868 2591 1090 2675 sequebantur.
1128 2588 1201 2674 Ipse
1225 2607 1272 2653 Lx
1291 2608 1307 2653 3

251 2680 363 2744 diebus
393 2685 523 2766 gentem
546 2678 781 2765 Euergetarum
812 2680 974 2745 ordinavit
996 2701 1114 2765 magna
1136 2678 1273 2762 pecunia

210 2794 235 2834 as
252 2769 292 2832 ob
317 2771 480 2855 egregiam
503 2771 538 2833 in
562 2767 682 2852 Cyrum
705 2770 801 2834 fidem
826 2769 952 2833 donata.

323 2929 493 2995 lexceptae
512 2933 538 2979 1:
565 2928 683 2994 excepta
704 2931 734 2977 Δ.
844 2925 1034 2995 scohortem]
1058 2925 1225 2993 quohortem
1242 2930 1271 2979 Ρ.

253 3003 268 3047 S
288 2997 421 3067 credulis]
446 2996 575 3056 credulus
594 3004 614 3049 Ι.
636 3015 669 3051 m.
686 3014 732 3066 pr.
823 2996 994 3120 remoturusp
1020 2998 1175 3049 remoturos
1198 3002 1273 3051 rm.

249 3086 293 3135 pr.
314 3073 341 3121 Ρ.
442 3068 474 3121 ld
497 3071 608 3139 scripsi:
636 3070 665 3122 et
683 3074 713 3122 A.
813 3074 828 3121 9
853 3070 983 3121 eontume
995 3067 1024 3120 ia
1048 3068 1176 3122 Medias:
1208 3083 1272 3121 con-

252 3137 384 3191 tumelias
404 3144 423 3191 L
444 3157 479 3193 m.
497 3157 542 3208 pr.
564 3145 624 3204 Π,
649 3137 827 3194 contumeliis
846 3142 913 3191 ΠΙ.
934 3157 968 3192 m.
987 3157 1035 3193 sec.
1134 3144 1166 3192 11
1193 3138 1273 3208 igno-

252 3210 368 3281 miniae]
383 3210 526 3279 ignomiae
540 3217 569 3265 r.
626 3217 659 3264 12
674 3210 841 3281 demendae]
856 3210 1018 3264 clemendae
1032 3215 1063 3262 V.
1119 3216 1152 3263 13
1171 3208 1273 3281 latere]

251 3281 346 3333 littere
366 3288 394 3336 P.
481 3288 514 3335 14
534 3284 650 3335 Arsame
669 3283 888 3351 Drangarum
906 3283 1018 3351 scripsi:
1037 3281 1208 3335 arianiorum
1227 3284 1273 3333 BL

251 3372 285 3406 m.
296 3371 342 3421 pr.
358 3358 386 3418 P,
406 3353 592 3406 arrianiorum
606 3358 638 3421 V,
657 3352 818 3407 arianorum
832 3360 861 3407 F.
936 3359 968 3406 lo
988 3352 1151 3421 Arimaspos
1171 3353 1271 3407 Wesse-

251 3427 366 3494 lingitis:
387 3427 509 3478 armatos
523 3431 553 3477 A.
620 3431 652 3478 17
673 3422 749 3495 Cyri]
768 3424 820 3479 ciri
837 3430 866 3479 F.
935 3429 967 3477 19
987 3440 1049 3477 eam
1067 3423 1223 3495 regionem]
1237 3438 1272 3477 es

249 3496 363 3565 regione
374 3500 405 3549 v.
462 3495 717 3550 rasatibarzanem
729 3496 833 3550 Attus:
851 3493 1045 3549 satibaaanem
1054 3501 1084 3549 Δ.
1140 3501 1173 3548 21
1189 3494 1271 3549 Arios

250 3568 408 3621 Acidalius:
429 3565 500 3621 alios
519 3574 548 3620 Δ.
628 3568 728 3636 ltaque
746 3574 866 3622 eontra
885 3583 953 3621 eum
973 3567 1068 3621 misit
1084 3567 1196 3635 scripsi:
1216 3567 1277 3620 lta*

250 3655 304 3705 que
323 3644 352 3691 A.
434 3637 572 3692 Caranum
591 3646 621 3693 et
638 3638 785 3708 Erigyium
805 3639 908 3698 Aldus:
929 3654 994 3691 care
1012 3653 1097 3691 nume
1115 3638 1228 3708 riguum
1241 3643 1277 3703 Ρ,

250 3726 383 3763 caronum
403 3711 531 3779 eriguum
550 3716 575 3764 0.
604 3736 606 3740 ·
674 3715 714 3764 22-
727 3709 901 3782 Andronico]
920 3708 1082 3763 ambronico
1101 3713 1131 3762 V.
1222 3724 1271 3763 eos

248 3783 358 3850 scripsi:
379 3783 450 3835 etA.
525 3780 606 3834 milia
624 3798 674 3837 osa.
689 3787 718 3834 1³.
793 3787 826 3835 23
846 3798 882 3838 uc
899 3786 925 3834 1:
945 3786 979 3833 iffi
997 3787 1026 3834 A.
1101 3786 1135 3834 ab
1155 3777 1270 3850 Cyrum]

249 3854 337 3907 cirum
356 3858 384 3905 1².

1059 3940 1114 3993 w
