3150 4459
465 456 718 511 HISTORIARUM
736 456 953 511 ALEXANDRI
972 456 1057 522 Vllll,
1078 461 1102 511 9.
1232 454 1297 517 343

272 619 368 683 modo
393 642 497 704 usum,
520 619 576 683 sed
600 619 699 684 etiarn
721 620 849 684 aurium
865 618 1080 683 abstulerant.
1117 617 1168 682 Ne
1188 619 1223 682 in
1241 632 1352 702 gri-15

272 708 499 773 bernatoribus
523 709 653 792 quidem
678 708 852 792 quicquam
877 710 948 793 opis
973 712 1049 791 erat,
1079 727 1216 791 quorum
1239 726 1299 769 nec

272 798 417 861 exaudiri
450 820 514 861 vox
546 820 565 860 a
594 798 869 862 tumultuantibus
892 801 1022 881 poterat
1044 818 1104 861 nec
1127 796 1298 879 imperium

273 887 435 951 aterritis
469 887 747 970 inconpositisque
781 887 908 950 servari.
955 886 1043 973 Ergo
1072 885 1192 949 conlidi
1215 885 1300 949 inter
1320 900 1352 947 16

247 998 307 1041 sse
339 999 437 1040 naves
471 975 712 1061 abstergerique
745 977 883 1041 invicem
916 976 996 1039 remi
1027 974 1138 1039 etalii
1162 973 1300 1037 aliorum

272 1066 403 1150 navigia
427 1087 540 1150 urgere
564 1069 748 1149 coeperunt.
797 1064 949 1129 Crederes
972 1086 1038 1128 non
1061 1064 1158 1128 unius
1182 1063 1300 1127 exerci-

273 1157 326 1218 tus
351 1154 483 1219 classem
508 1154 598 1236 vehi,
630 1155 687 1218 sed
710 1154 847 1218 duorum
871 1153 984 1218 navale
1008 1154 1105 1217 inisse
1129 1157 1299 1217 certamen.

273 1242 518 1308 [nuntiabantur
541 1244 706 1327 puppibus
730 1264 855 1326 prorae,
878 1242 1107 1327 premebantur
1129 1264 1147 1304 a
1166 1261 1299 1325 sequen·
1320 1257 1352 1304 12

273 1333 370 1416 tibus,
386 1334 442 1416 qui
456 1332 680 1396 antecedentes
700 1334 922 1397 turbaverant:
946 1332 1145 1417 iurgantium
1164 1330 1211 1393 ira
1229 1352 1300 1413 per-

221 1426 260 1479 36
275 1422 424 1485 veniebat
452 1423 550 1485 etiam
579 1422 618 1485 ad
645 1444 778 1486 manus·
814 1418 949 1505 Iamque
972 1425 1080 1485 aestus
1103 1424 1190 1484 totos
1215 1420 1300 1484 circa
1321 1434 1356 1491 18,

234 1537 260 1575 11
274 1510 394 1575 flumen
418 1533 549 1594 campos
572 1511 784 1575 inundaverat
808 1512 943 1575 tumulis
967 1510 1137 1574 dumtaxat
1160 1506 1300 1572 eminen-

273 1600 361 1664 tibus
393 1600 484 1665 velut
516 1601 631 1664 insulis
663 1600 785 1683 parvis,
822 1600 857 1663 in
889 1621 971 1682 quos
1003 1600 1149 1683 plerique
1181 1596 1300 1682 trepidi

275 1690 403 1753 omissis
427 1689 566 1774 navigiis
590 1711 685 1753 enare
704 1688 891 1773 properant
927 1687 1081 1772 Dispersa
1100 1688 1212 1753 classis
1231 1709 1301 1769 par·
1321 1702 1354 1750 19

274 1779 334 1842 tim
364 1778 399 1841 in
428 1778 573 1861 praealta
603 1801 686 1862 aqua
717 1779 838 1859 stabat,
871 1799 935 1860 qua
959 1777 1169 1842 subsederant
1192 1778 1301 1859 valles,

235 1892 260 1932 rs
274 1868 394 1950 partim
426 1868 462 1931 in
491 1867 573 1931 vado
602 1867 769 1950 haerebat,
802 1871 978 1950 utcumque
1007 1867 1174 1949 inaequale
1197 1868 1301 1927 terrae

273 1956 442 2037 fastigium
474 1960 711 2039 occupaverant
740 1956 857 2020 undae:
889 1976 963 2021 cum
994 1955 1102 2019 subito
1133 1976 1236 2019 novus
1268 1957 1301 2017 et

274 2045 412 2129 pristino
450 2046 555 2108 maior
591 2049 696 2109 terror
729 2046 893 2109 incutitur.
953 2044 1161 2128 Reciprocari
1194 2043 1302 2126 coepit
1320 2058 1355 2106 2ο

275 2157 362 2199 mare
390 2156 510 2219 magno
542 2138 648 2198 tractu
672 2136 765 2216 aquis
788 2134 823 2198 in
852 2156 947 2198 suum
969 2134 1090 2197 fretum
1112 2132 1301 2197 recurrenti·

275 2223 336 2287 bus
359 2224 577 2306 reddebatque
600 2228 702 2287 terras
725 2223 824 2307 paulo
849 2227 923 2287 ante
946 2222 1110 2306 profundo
1133 2222 1200 2286 salo
1220 2243 1302 2285 mer-

235 2338 261 2376 ao
276 2335 335 2377 sas.
374 2312 479 2398 igitur
499 2313 654 2377 destituta
671 2313 802 2399 navigia
821 2313 884 2376 alia
902 2312 1158 2397 praecipitantur
1175 2313 1210 2374 in
1229 2332 1302 2394 pro·

275 2424 341 2484 ras,
374 2401 438 2466 alia
471 2403 505 2465 in
535 2404 638 2466 latera
670 2401 897 2485 procumbunt.
948 2400 1049 2466 Strati
1077 2405 1168 2465 erant
1197 2399 1310 2483 campi

276 2492 419 2575 sarcinis,
438 2491 546 2574 armis,
564 2492 749 2555 avulsarum
768 2489 952 2555 tabularum
971 2512 1198 2574 remorumque
1216 2489 1302 2573 frag-

277 2580 403 2643 mentis
449 2580 545 2643 Miles
568 2601 628 2643 nec
651 2581 761 2665 egredi
784 2581 818 2643 in
842 2585 961 2644 terram
986 2601 1045 2643 nec
1068 2580 1103 2642 in
1126 2600 1208 2642 nave
1228 2579 1302 2641 sub·
1321 2593 1354 2641 21

276 2671 389 2733 sistere
413 2669 552 2733 audebat
576 2670 751 2733 identidem
775 2669 1001 2752 praesentibus
1025 2668 1188 2754 graviora,
1220 2688 1302 2750 quae

234 2763 494 2842 assequerentur,
522 2764 704 2842 expectans.
752 2758 826 2839 Vix,
850 2779 932 2841 quae
956 2757 1232 2841 perpetiebantur,
1256 2757 1302 2819 vi·

275 2849 349 2911 dere
373 2849 462 2931 ipsos
482 2847 662 2930 credebant,
686 2846 824 2911 insieco
844 2846 1022 2932 naufragia,
1046 2846 1080 2910 in
1098 2846 1187 2910 amni
1205 2866 1301 2909 mare.

273 2936 343 3001 Nec
375 2937 450 3001 finis
482 2936 655 3001 malorum:
689 2936 810 3020 quippe
839 2944 963 2999 aestum
993 2937 1092 3020 paulo
1116 2938 1191 3018 post
1213 2955 1302 2998 mare
1321 2951 1354 2999 22

274 3026 466 3107 relaturum,
490 3048 554 3108 quo
578 3026 709 3109 navigia
733 3025 975 3107 adlevarentur,
998 3025 1104 3109 ignari
1127 3023 1246 3087 famem
1270 3027 1303 3087 et

348 3200 425 3253 lNe
457 3216 509 3254 nec
528 3207 556 3254 L.
631 3201 730 3284 tneo]
750 3217 786 3253 ne
805 3208 831 3253 c.
913 3206 965 3254 3a
984 3198 1239 3269 tumultuantibus]
1258 3200 1303 3251 tu-

274 3271 428 3324 multuanti
449 3290 482 3324 us
502 3278 529 3325 P.
589 3280 605 3325 4
625 3288 642 3325 a
661 3271 780 3343 territis]
800 3270 938 3325 atterritis
957 3277 984 3325 P.
1041 3277 1056 3324 5
1076 3269 1301 3341 abstergerique]

275 3342 457 3411 abstergique
475 3348 506 3397 V.
618 3349 633 3395 6
654 3343 817 3413 coeperunt]
838 3344 975 3412 ceperunt
994 3348 1021 3396 P.
1132 3342 1200 3412 non]
1219 3358 1255 3395 ne
1273 3345 1301 3395 P.

275 3419 291 3467 8
310 3413 536 3485 Incutiebantur]
555 3414 771 3468 incuciebantur
789 3420 846 3467 Π.
957 3418 990 3466 14
1010 3413 1096 3485 aqua]
1114 3412 1203 3479 inqua
1222 3417 1247 3465 c.

274 3486 343 3555 qua]
363 3503 434 3551 quas
452 3492 480 3539 P.
560 3490 593 3538 15
612 3485 750 3539 haerebat
767 3492 794 3539 1:
813 3484 971 3539 haerebant
989 3490 1019 3538 Δ.
1100 3489 1132 3536 19
1148 3483 1303 3537 'reddebat-

275 3557 342 3627 que]
360 3556 574 3623 reddebantque
593 3563 621 3611 P.
724 3563 758 3609 20
777 3555 1015 3628 praecipitantur]
1034 3555 1256 3625 praetipitantur
1274 3560 1302 3607 L.

275 3633 307 3680 21
328 3627 530 3699 procumbunt]
558 3628 746 3697 procumbant
769 3633 843 3681 rm.
858 3646 904 3696 pr.
1015 3632 1049 3681 23
1072 3642 1143 3680 nave
1172 3626 1302 3693 Schcffer:

274 3715 361 3752 naues
376 3705 406 3751 Δ.
470 3705 505 3752 24
523 3698 692 3769 identidem]
707 3699 866 3752 identidem
879 3699 956 3752 idem
970 3703 998 3752 P.
1054 3703 1089 3751 26
1103 3698 1302 3767 perpetieban·
1329 3749 1334 3763 ,

274 3773 321 3823 tur
334 3776 354 3821 1.
369 3789 403 3824 m.
418 3787 481 3824 sca:
496 3771 694 3839 partiebantur
707 3775 729 3822 Δ
744 3770 1008 3841 [pereiebanturv]
1065 3775 1098 3823 27
1114 3768 1178 3822 finis
1193 3770 1301 3823 Laaer:

277 3842 343 3895 fines
358 3847 389 3896 Δ,
441 3847 475 3895 28
491 3841 700 3912 adlevarentur]
720 3842 920 3895 adleuarentur
938 3846 963 3895 c.
