3150 4459
499 435 751 505 1111011111
770 449 984 504 maximum
1003 450 1036 518 v,
1057 456 1081 504 s.
1097 457 1120 505 e.
1256 451 1319 515 129

297 613 438 678 Persidis
462 637 589 700 regum:
612 614 689 680 hinc
712 616 767 679 illa
791 614 938 679 inmensa
952 613 1083 698 agmina
1105 614 1220 698 infusa,
1244 611 1324 679 hinc

297 702 437 767 Dareum
461 704 562 788 prius,
591 704 665 769 dein
688 704 828 769 Xerxem
850 704 1000 787 Europae
1024 704 1150 787 inpium
1172 704 1320 768 intulisse

297 792 436 856 bellum:
475 792 599 857 excidio
632 794 720 857 illius
757 792 993 877 parentandum
1030 814 1098 857 esse
1134 792 1320 858 maioribus.

297 880 429 966 Iamque
457 881 586 946 barbari
618 882 743 948 deserto
767 882 904 967 oppido,
937 903 1001 966 qua
1029 903 1188 966 quemque
1215 886 1356 947 metusa

270 995 283 1035 e
298 972 421 1056 agebat,
445 972 649 1056 diffugerant,
673 993 746 1036 cum
761 992 819 1035 rex
832 970 1027 1057 phalangem
1045 971 1129 1035 nihil
1152 975 1321 1036 cunctatus

298 1060 430 1124 inducit.
476 1060 597 1125 Multas
620 1061 717 1125 urbes
739 1062 874 1126 refertas
898 1060 1066 1144 opulentia
1088 1060 1177 1147 regia
1198 1060 1319 1146 partim

298 1154 552 1235 expugnaverat,
584 1152 703 1235 partim
741 1153 775 1216 in
809 1150 906 1214 fidem
939 1153 1119 1234 acceperat,
1147 1150 1204 1213 sed
1230 1149 1320 1214 urbia

297 1240 396 1304 huius
425 1238 557 1304 divitiae
580 1241 685 1305 vicere
715 1241 898 1323 praeterita.
945 1238 984 1303 In
1014 1240 1098 1303 hanc
1120 1241 1223 1303 totius
1246 1238 1356 1304 Per-3

298 1328 376 1393 sidis
405 1350 482 1412 opes
512 1334 742 1414 congesserant
771 1328 913 1393 barbari:
943 1351 1058 1392 aurum
1086 1331 1320 1414 argentumque

258 1441 284 1479 ro
299 1420 499 1483 cumulatum
523 1423 600 1501 erat,
623 1419 722 1483 vestis
742 1419 856 1505 ingens
875 1418 999 1500 modus,
1022 1419 1167 1501 supellex
1190 1439 1257 1482 non
1280 1417 1321 1481 ad

298 1530 407 1592 usum,
438 1508 493 1572 sed
516 1509 557 1571 ad
585 1509 835 1573 ostentationem
858 1509 954 1571 luxus
978 1510 1161 1591 conparata.
1207 1505 1357 1590 Itaquec

299 1598 383 1661 inter
410 1599 498 1680 ipsos
521 1596 658 1661 victores
681 1597 767 1660 ferro
792 1596 1016 1661 dimicabatur:
1042 1618 1101 1679 pro
1125 1596 1219 1661 hoste
1242 1599 1321 1679 erat,

299 1686 355 1770 qui
379 1687 603 1769 pretiosiorem
623 1690 836 1769 occupaverat
853 1685 1012 1770 praedam.
1043 1685 1087 1749 Et
1111 1706 1184 1749 cum
1204 1688 1321 1769 omnia,

300 1797 381 1859 quae
408 1774 625 1859 reperiebant,
655 1797 767 1859 capere
797 1797 864 1840 non
895 1778 1043 1859 possent,
1076 1774 1140 1838 iam
1177 1798 1227 1840 res
1255 1796 1322 1839 non

258 1885 284 1925 rs
299 1864 553 1948 occupabantur,
587 1864 642 1928 sed
670 1864 932 1930 aestimabantur.
988 1862 1188 1930 Lacerabant
1214 1864 1356 1950 regiase

299 1957 404 2017 vestes
418 1954 460 2017 ad
474 1976 507 2017 se
523 1956 659 2037 quisque
674 1957 800 2037 partem
814 1953 986 2038 trahentes,
1005 1953 1146 2018 dolabris
1160 1954 1321 2039 pretiosae

299 2044 378 2107 artis
402 2064 478 2107 vasa
501 2042 689 2126 caedebant,
711 2043 795 2106 nihil
817 2065 922 2126 neque
944 2043 1103 2107 intactum
1127 2046 1196 2107 erat
1216 2064 1321 2127 neque

299 2134 461 2217 integrum
484 2132 656 2214 ferebatur,
679 2132 818 2215 abrupta
840 2133 1083 2196 simulacrorum
1108 2133 1261 2216 membra,
1283 2137 1322 2196 ut

300 2223 437 2305 quisque
461 2224 622 2305 avelleret,
644 2221 802 2286 trahebat.
834 2220 949 2305 Neque
973 2221 1108 2286 avaritia
1127 2223 1241 2305 solum,
1265 2222 1357 2285 sedo

259 2332 286 2371 1ο
300 2312 396 2374 etiam
425 2310 598 2376 crudelitas
626 2311 660 2374 in
689 2314 782 2393 capta
805 2310 884 2375 urbe
907 2316 1053 2395 grassata
1076 2314 1141 2375 est:
1171 2332 1248 2375 auro
1273 2333 1321 2375 ar-

299 2405 461 2484 gentoque
485 2400 593 2463 onusti
621 2402 698 2464 vilia
721 2400 924 2483 captivorum
948 2420 1084 2485 corpora
1106 2400 1321 2483 trucidabant,

299 2490 484 2573 passimque
508 2489 595 2553 obvii
620 2489 949 2573 caedebantur,.qu0s
980 2493 1073 2553 antea
1101 2489 1242 2573 pretium
1271 2489 1321 2552 sui

299 2577 493 2642 miserabilis
515 2579 644 2643 fecerat.
679 2578 776 2642 Multi
800 2599 877 2663 ergo
900 2578 1045 2642 hostium
1069 2600 1182 2642 manus
1209 2580 1356 2643 volun-7

299 2669 381 2731 taria
405 2671 509 2731 morte
533 2673 771 2752 occupavenmt
798 2668 1032 2751 pretiosissima
1054 2668 1192 2733 vestium
1216 2666 1322 2731 induti

259 2777 317 2820 ase
341 2757 442 2820 muris
466 2758 657 2842 semetipsos
681 2778 754 2821 cum
769 2756 962 2843 coniugibus
986 2777 1022 2820 ac
1040 2756 1151 2820 liberis
1175 2757 1209 2821 in
1231 2779 1321 2840 prae-

300 2867 375 2929 ceps
390 2846 550 2910 iacientes.
588 2844 726 2921 Quidam
749 2847 850 2932 ignes,
871 2846 958 2929 quod
971 2847 1068 2929 paulo
1083 2848 1159 2930 post
1176 2847 1321 2910 facturus

374 3058 535 3128 lagmina]
555 3057 667 3111 aomina
681 3063 712 3112 V.
786 3056 941 3110 2Xerxem
961 3063 987 3109 1:
1006 3073 1115 3111 xersem
1129 3061 1160 3110 Δ.
1233 3056 1321 3110 Euro-

300 3129 366 3199 pae]
381 3145 503 3197 europoe
517 3135 544 3183 P.
619 3128 790 3199 8Persidis]
804 3128 930 3197 persides
944 3135 964 3180 Ρ
978 3146 1013 3182 m.
1023 3146 1069 3197 pr.
1144 3134 1321 3197 9101131111-

300 3201 377 3270 1111]
397 3202 593 3254 concesserant
606 3206 687 3253 FPV.
762 3205 796 3253 10
816 3199 942 3269 supellex
955 3205 980 3255 1:
1001 3199 1148 3268 suppellex
1161 3206 1186 3265 c,
1202 3200 1321 3270 supplex

300 3276 369 3324 Pm.
380 3290 426 3339 pr.
482 3278 515 3325 11
535 3272 764 3343 ostentationem]
784 3271 988 3324 sustentionem
1006 3277 1076 3325 Pm.
1086 3288 1132 3340 pr.
1190 3277 1222 3323 14
1242 3287 1321 3340 repe-

301 3342 412 3396 riebant
431 3344 542 3398 Novella:
561 3343 738 3411 recipiebant
756 3349 786 3395 A.
873 3348 906 3395 15
926 3342 975 3396 sed
994 3342 1217 3396 aestimabantur
1235 3349 1321 3397 ora?

300 3432 334 3467 m.
346 3432 401 3483 pa,
420 3415 661 3469 addemnatam
678 3432 778 3469 111111.
836 3420 868 3467 16
888 3413 1008 3482 quisque
1027 3414 1203 3469 Vindelicus:
1223 3430 1321 3482 quem-

301 3503 355 3552 que
374 3491 404 3539 A.
459 3486 616 3557 trahentes]
635 3488 759 3539 treantes
778 3492 806 3538 L.
861 3486 1015 3556 pretiosae]
1034 3484 1176 3554 protiosae
1195 3490 1224 3551 B,
1243 3486 1321 3556 peio-

300 3574 347 3611 sae
362 3563 392 3612 V.
481 3562 514 3610 18
533 3557 667 3629 abrupta]
686 3558 814 3625 adnupta
832 3562 900 3610 Pm.
911 3574 957 3625 pr.
1048 3557 1186 3627 membra]
1204 3557 1321 3611 menbra

300 3633 380 3682 ΕΠ.
456 3635 488 3681 19
508 3628 655 3699 avelleret]
675 3628 865 3683 aduelleratc
885 3627 1047 3698 [atuellerat
1060 3628 1102 3699 r]
1175 3628 1319 3699 trahebat]

299 3700 413 3753 traebat
427 3706 454 3753 L.
537 3700 670 3771 avaritia]
689 3700 815 3754 auaricia
832 3704 863 3752 V.
947 3705 980 3752 22
1000 3700 1202 3771 caedebantur]
1222 3701 1320 3754 coede·
1351 3720 1374 3747 υ

301 3772 403 3824 bantur
421 3778 449 3824 Ρ,
512 3774 597 3825 antea
615 3778 647 3826 P:
672 3774 737 3825 ante
756 3778 781 3825 c.
841 3770 976 3841 pretium]
995 3771 1091 3840 poium
1109 3776 1164 3825 Π.
1225 3777 1259 3824 24
1278 3772 1319 3824 in·

299 3843 372 3913 dati]
395 3844 491 3896 induci
510 3849 579 3896 Pm.
590 3861 635 3911 pr.
709 3849 743 3895 26
762 3843 839 3913 post]
858 3844 941 3909 posst
959 3848 988 3896 Ρ.

354 3943 459 3983 0111111
473 3944 555 3983 Eurus
569 3942 603 3981 ed.
618 3942 756 3983 Hedicke.
785 3942 830 3983 Ed.
845 3942 932 3984 maior.
1159 3935 1179 3982 b
