3150 4459
410 444 665 499 HISTORIARUM
683 444 900 498 ALEXANDRI
917 445 1004 513 VIIII,
1025 450 1106 499 9.10.
1204 444 1270 509 345
1360 524 1362 528 y

244 609 358 673 deiude
381 609 571 693 praemisso,
602 611 640 671 ut
662 612 778 691 puteos
801 607 940 692 foderet,
964 631 1027 691 qua
1050 608 1196 672 terrestri
1218 607 1270 673 iti-

242 720 319 763 nere
338 699 492 762 ducturus
512 698 687 765 exercitum
706 697 877 761 videbatur
896 734 939 743 -
959 698 1079 781 quippe
1099 698 1183 762 sicca
1202 701 1271 762 erat

244 789 333 873 regio
353 826 406 864 -,
425 789 495 871 ipse
514 808 588 851 cum
608 786 711 870 copiis
736 786 886 850 subsistit
909 809 1042 850 vernum
1066 789 1195 869 tempus
1219 809 1271 850 ex-

244 881 384 960 pectans.
430 875 566 940 Interim
598 880 631 940 et
659 875 755 939 urbes
784 877 955 959 plerasque
983 875 1127 939 condidit
1156 882 1184 940 et
1206 874 1305 940 lle-3

217 966 341 1035 aarcho
369 970 467 1049 atque
491 964 673 1031 Onesicrito
701 965 850 1029 nauticae
877 967 923 1028 rei
952 965 1067 1048 peritis
1091 964 1270 1048 imperavit,

244 1060 281 1119 ut
312 1055 527 1119 validissimas
560 1056 693 1118 navium
726 1055 920 1119 deducerent
947 1056 982 1117 in
1005 1052 1167 1118 Oceanum
1197 1075 1270 1138 pro-

244 1146 418 1228 gressique,
439 1144 545 1227 quoad
563 1148 636 1209 tuto
650 1147 793 1227 possent,
811 1148 961 1207 naturam
976 1144 1073 1207 maris
1087 1147 1270 1208 noscerent:

245 1235 295 1298 vel
318 1234 430 1297 eodem
455 1256 549 1297 amne
572 1235 624 1297 vel
647 1232 816 1316 Euphrate
845 1232 952 1297 subire
976 1255 1031 1297 eos
1055 1254 1163 1316 posse,
1197 1254 1269 1297 cum

243 1323 361 1387 reverti
384 1323 425 1386 ad
448 1346 481 1387 se
505 1326 633 1387 vellent.

190 1421 228 1475 39
310 1412 443 1495 lamque
474 1412 625 1497 mitigata
653 1411 760 1475 hieme
789 1416 822 1475 et
848 1412 1000 1494 navibus,
1033 1433 1114 1494 quae
1138 1410 1306 1475 inutilesr

202 1532 228 1569 11
242 1501 449 1584 videbantur,
480 1502 631 1566 crematis
661 1504 747 1564 terra
772 1501 910 1565 ducebat
934 1502 1117 1564 exercitum.
1165 1499 1306 1565 Noniso

243 1592 356 1654 eastris
386 1592 420 1654 in
442 1591 608 1677 regionem
632 1588 807 1672 Arabiton,
840 1590 914 1654 inde
938 1590 1074 1654 totidem
1100 1589 1212 1653 diebus
1236 1589 1270 1652 in

243 1678 470 1744 Cedrosiorum
501 1684 692 1763 perventum
725 1683 782 1742 est.
828 1679 926 1743 Liber
952 1678 1007 1743 hie
1030 1679 1171 1763 populus
1196 1700 1269 1742 con-

244 1769 319 1833 cilio
350 1769 462 1832 habito
492 1768 614 1832 dedidit
642 1791 689 1849 se,
721 1770 977 1851 necquicquam
1002 1768 1119 1831 deditis
1143 1771 1271 1851 praeter

202 1888 228 1925 rs
244 1862 443 1922 commeatus
471 1858 665 1941 imperatum
691 1861 747 1921 est.
795 1856 916 1933 Quinto
940 1857 1018 1921 hine
1042 1857 1093 1921 die
1117 1857 1206 1920 venit
1229 1856 1270 1920 ad
1290 1874 1305 1922 6

243 1947 376 2011 flumen:
401 1946 547 2010 Arabum
577 1948 702 2011 incolae
729 1950 904 2031 appellant.
951 1946 1055 2032 Regio
1085 1946 1210 2010 deserta
1238 1950 1270 2009 et

242 2058 399 2118 aquarum
423 2038 518 2119 inops
538 2036 670 2119 excipit:
695 2058 794 2119 quam
813 2058 961 2101 emensus
981 2037 1015 2099 in
1029 2034 1164 2099 Horitas
1183 2039 1269 2098 tran-

242 2125 292 2188 sit.
339 2124 390 2188 Ibi
421 2126 577 2189 maiorem
608 2126 768 2189 exercitus
797 2129 922 2208 partem
946 2123 1184 2208 Hephaestioni
1207 2128 1269 2187 tra-

242 2214 338 2296 didit,
367 2214 471 2278 levem
500 2218 694 2278 armaturam
726 2237 800 2278 cum
822 2214 1011 2279 Ptolomaeo
1036 2214 1270 2296 Leonnatoque

200 2333 226 2370 20
241 2304 381 2386 partitus
410 2308 466 2367 est.
514 2304 591 2367 Tria
619 2303 716 2368 simul
743 2304 875 2389 agmina
897 2303 1140 2387 populabantur
1162 2301 1269 2386 ludeo,
1289 2322 1304 2369 1

241 2415 441 2478 magnaeque
464 2393 601 2477 praedae
625 2398 714 2458 actae
739 2397 828 2456 sunt:
851 2394 1033 2457 maritimos
1052 2391 1269 2475 Ptolomaeus,

242 2485 366 2546 ceteros
397 2484 466 2564 ipsc
495 2505 553 2545 rex
584 2486 616 2545 et
645 2483 685 2545 ab
711 2482 774 2545 alia
797 2485 890 2566 parte
912 2482 1098 2546 Leonnatus
1122 2481 1268 2545 urebant.

240 2568 278 2633 ln
296 2570 358 2635 hac
379 2593 507 2655 quoque
526 2572 658 2656 regione
678 2570 791 2635 urbem
811 2571 965 2654 condidit,
985 2571 1177 2653 deductique
1194 2573 1270 2633 simt

241 2660 276 2723 in
300 2683 371 2723 eam
395 2659 575 2724 Arachosii.

190 2755 224 2810 10
308 2749 394 2813 Hinc
421 2750 570 2833 pervenit
597 2751 637 2813 ad
666 2750 849 2813 maritimos
872 2748 977 2813 Indos.
1024 2747 1193 2812 Desertam
1217 2767 1304 2815 vas

199 2841 390 2921 uestemque
413 2839 579 2924 regionem
603 2839 668 2902 late
692 2842 804 2902 tenent
823 2860 860 2902 ac
878 2859 918 2901 ne
938 2860 1011 2901 eum
1031 2837 1180 2901 finitimis
1200 2837 1269 2919 qui-

241 2928 312 2990 dem
346 2931 414 2992 ullo
449 2928 634 2992 commercii
667 2928 737 2991 iure
769 2928 955 2991 miscentur.
1018 2926 1094 3009 Ipsa
1126 2926 1304 2993 solitudoe

240 3156 275 3193 111.
285 3157 331 3207 pr.
439 3147 469 3193 et
487 3138 617 3193 Nearcho
637 3138 791 3191 Kiacbius:
813 3137 935 3191 nearcho
954 3143 984 3192 Δ.
1076 3144 1093 3191 8
1112 3138 1268 3209 Euphrate]

240 3209 397 3277 euphraten
407 3216 435 3263 P.
484 3216 517 3262 10
531 3210 635 3281 bieme]
650 3208 722 3262 ieme
732 3214 760 3260 P.
810 3214 842 3261 12
857 3208 1002 3278 regionem
1017 3214 1043 3261 1:
1058 3208 1174 3277 regione
1183 3214 1214 3261 Δ.

239 3280 379 3334 Arabiton
398 3282 554 3336 Beatler'us:
575 3280 706 3335 aboriton
720 3285 751 3334 Δ,
832 3286 865 3333 14
884 3279 996 3350 habito]
1015 3280 1093 3333 abito
1112 3286 1140 3333 P.
1220 3279 1269 3332 de-

241 3353 327 3423 didit]
348 3353 427 3406 dedit
446 3359 515 3405 Pm.
525 3370 572 3420 pr.
645 3351 813 3475 110οὲ1101.
889 3358 921 3405 16
941 3351 1067 3404 Arabum
1081 3352 1184 3405 Aldus:
1205 3350 1268 3404 bar-

239 3424 341 3477 barum
359 3430 389 3476 Δ.
486 3430 518 3476 17
538 3423 633 3494 inops]
652 3423 700 3477 ino
722 3441 734 3476 s
753 3428 781 3475 P.
871 3422 986 3475 Horitas
1006 3424 1174 3477 Frobeaa'us:
1194 3422 1269 3475 nori-

240 3498 285 3548 tas
300 3500 329 3547 Δ.
388 3501 421 3548 18
437 3495 642 3563 Hephaestioni
657 3496 773 3563 Ooapua:
795 3494 954 3562 ephestioni
968 3499 1000 3547 Δ.
1057 3500 1090 3548 19
1104 3494 1268 3548 Ptolomaeo

239 3569 350 3636 scripsi:
370 3566 513 3634 ptolomeo
527 3572 559 3633 V,
579 3566 742 3636 ptholomeo
757 3570 842 3632 BLP,
862 3564 1043 3619 1110101110οῈ.
1100 3571 1134 3619 10
1149 3564 1268 3634 popula-

240 3638 355 3708 bantur]
370 3638 580 3705 pepulabantur
598 3643 619 3690 11
638 3656 673 3691 m.
688 3656 734 3706 pr.
794 3643 826 3689 11
846 3636 1026 3690 Ptolomaeus
1044 3639 1155 3705 scrupea:
1176 3636 1268 3705 ptolo-

239 3726 318 3763 meus
342 3715 378 3776 V,
403 3710 584 3777 ptholomeus
607 3714 712 3763 BFLP.
811 3714 844 3761 11
865 3707 1039 3779 Leonnatus]
1067 3707 1214 3761 leonnatos
1238 3714 1267 3761 F.

240 3788 274 3834 14
293 3782 324 3833 in
346 3797 407 3834 eam
422 3782 592 3835 Frobeaius:
612 3780 689 3834 inam
704 3784 734 3832 Δ,
805 3785 838 3832 16
859 3780 968 3851 tenent]
988 3782 1051 3833 tent
1069 3786 1097 3846 P,
1117 3781 1229 3833 tentent
1247 3785 1268 3831 Ε

239 3871 273 3905 m.
285 3871 330 3920 pr.
405 3852 533 3906 finitimis
552 3858 578 3905 1:
598 3851 767 3904 finitissimis
786 3856 817 3904 Δ.
