3150 4459
304 463 367 525 124
679 462 710 527 Q.
730 461 841 516 CURTI
860 462 947 515 RUFI

248 644 281 690 23
302 625 408 689 minus
431 625 618 709 praecipitis
648 626 860 709 atqueardui
885 651 943 690 —:
972 627 1081 708 itaque
1104 624 1232 689 refectis
1252 623 1325 687 cibo

303 735 482 797 somnoque
511 714 671 778 militibus
695 714 835 779 secunda
857 715 970 800 vigilia
993 714 1105 799 surgit.
1153 714 1197 777 Et
1221 716 1327 776 cetera

303 803 432 887 quidem
446 803 533 867 haud
554 826 649 889 aegre
668 803 832 888 praeterit,
846 809 997 887 ceterum,
1021 826 1084 887 qua
1109 826 1142 868 se
1165 802 1326 866 montium

301 893 414 977 iugum
441 893 598 976 paulatim
626 893 666 957 ad
695 894 842 976 planiora
872 893 1029 976 demittit,
1063 894 1177 978 ingens
1205 912 1326 976 vorago

249 998 282 1045 24
303 1003 460 1045 concursu
483 987 595 1046 cavata
622 984 815 1047 torrentium
843 984 905 1047 iter
936 986 1077 1066 ruperat.
1122 980 1175 1045 Ad
1193 981 1256 1044 hoc
1280 1003 1326 1044 ar·
1353 1011 1370 1050 a

302 1071 418 1134 borum
437 1072 519 1134 rami
542 1072 625 1137 alius
649 1072 714 1135 alio
738 1071 885 1159 inplicati
909 1076 942 1137 et
966 1072 1173 1137 cohaerentes
1196 1074 1234 1133 ut
1258 1092 1327 1153 per-

302 1164 434 1244 petuam
463 1160 648 1224 obiecerant
672 1153 817 1246 saepem.
864 1160 1055 1245 Desperatio
1080 1161 1181 1246 igitur
1204 1160 1328 1244 ingens,

250 1265 283 1312 25
303 1249 382 1312 adeo
406 1250 520 1313 utrix
543 1249 686 1315 lacrimis
701 1249 909 1334 abstinerent,
932 1251 1114 1315 incesserat.
1152 1248 1328 1331 Praecipue

305 1338 485 1403 obscuritas
508 1340 625 1404 terrori
649 1343 735 1403 erat:
758 1341 946 1403 nemetiam
969 1340 996 1403 si
1018 1361 1082 1422 qua
1105 1338 1209 1402 sidera
1231 1338 1328 1401 inter-

303 1427 462 1510 nitebant,
491 1429 668 1493 continenti
703 1428 817 1493 fronde
845 1432 949 1493 tectae
978 1429 1107 1493 arbores
1141 1428 1328 1511 conspicere
1344 1458 1373 1497 10

304 1516 528 1599 prohibebant.
565 1516 616 1581 Ne
636 1518 763 1581 aurium
787 1517 917 1601 quidem
940 1540 1017 1581 usus
1042 1521 1207 1600 supererat
1232 1516 1328 1580 silvas

306 1606 471 1689 quatiente
503 1610 617 1689 vento,
647 1608 704 1691 qui
738 1608 1004 1672 concurrentibus
1037 1606 1135 1670 ramis
1173 1607 1328 1669 maiorem

251 1711 285 1758 26
306 1716 403 1779 quam
426 1717 486 1779 pro
510 1697 591 1759 flatu
613 1718 730 1761 sonum
754 1696 877 1761 edebat.
914 1695 1057 1760 Tandem
1082 1699 1249 1778 expectata
1272 1695 1329 1756 lux

305 1784 423 1867 omnia,
446 1806 528 1868 quae
551 1785 747 1850 terribiliora
770 1807 837 1850 nox
859 1787 987 1869 fecerat,
1010 1785 1141 1849 minuit:
1166 1783 1330 1848 circumiri

305 1873 393 1937 brevi
416 1876 521 1956 spatio
540 1878 668 1958 poterat
687 1875 818 1959 eluvies,
843 1879 875 1939 et
890 1875 952 1939 sibi
968 1876 1104 1958 quisque
1119 1874 1184 1937 dux
1203 1873 1329 1936 itineris
1346 1902 1372 1942 15

251 1979 285 2026 27
305 1969 455 2046 coeperat
482 1964 560 2027 fieri.
607 1963 760 2028 Evadunt
787 1986 864 2049 ergo
889 1965 922 2027 in
947 1963 1069 2027 editum
1092 1964 1259 2026 verticem:
1291 1984 1330 2026 ex
1347 1972 1386 2025 16

306 2072 370 2134 quo
394 2052 537 2117 hostium
563 2053 702 2117 statione
724 2057 899 2137 conspecta
920 2056 1049 2117 strenue
1072 2053 1187 2116 armati
1203 2075 1222 2115 a
1236 2057 1329 2137 tergo

305 2163 339 2204 se
368 2141 544 2207 ostendunt
570 2142 654 2207 nihil
686 2142 750 2207 tale
778 2143 1007 2207 metuentibus.
1053 2140 1195 2217 Quorum
1225 2142 1330 2225 pauci,

251 2246 285 2294 28
306 2231 362 2314 qui
386 2230 539 2316 congredi
562 2232 633 2295 ausi
656 2236 762 2316 erant,
791 2232 875 2296 caesi
898 2236 981 2296 sunt.
1027 2231 1140 2315 Itaque
1163 2232 1239 2294 hinc
1263 2251 1330 2294 mo-

304 2320 457 2384 rientium
486 2320 639 2405 gemituS,
672 2321 748 2386 hino
776 2321 817 2384 ad
844 2343 921 2385 suos
945 2321 1176 2385 recurrentium
1201 2322 1331 2383 misera·
1345 2349 1372 2389 so

305 2408 381 2472 bilis
409 2409 508 2473 facies
538 2411 682 2496 integros
707 2432 849 2494 quoque,
879 2415 1051 2494 antequam
1084 2410 1255 2473 discrimen
1279 2432 1330 2473 ex—

252 2515 286 2561 29
305 2499 499 2583 perirentur,
516 2498 550 2562 in
569 2500 680 2585 fugam
701 2500 827 2565 avertit.
865 2498 1010 2564 Fremitu
1031 2499 1144 2564 deinde
1163 2500 1197 2561 in
1217 2503 1331 2580 castra,

307 2588 378 2668 quis
407 2587 558 2652 Craterus
592 2588 809 2672 praesidebat,
839 2589 940 2653 inlato
971 2588 1012 2651 ad
1042 2588 1245 2672 occupandas
1278 2611 1331 2650 an-

306 2677 445 2761 gustias,
482 2678 516 2741 in
550 2678 668 2761 quibus
702 2678 807 2762 pridie
834 2679 1018 2761 haeserant,
1047 2677 1140 2741 miles
1174 2677 1330 2741 educitur.

252 2782 287 2830 30
307 2765 410 2829 Simul
447 2770 480 2831 et
510 2766 656 2832 Philotas
687 2790 760 2831 cum
791 2766 1028 2851 Polyperconte
1060 2765 1267 2850 Amyntaque
1298 2769 1330 2828 et
1345 2795 1372 2835 rs

308 2854 415 2919 Coeno
440 2856 598 2920 diversum
624 2857 686 2920 iter
708 2856 835 2942 ingredi
859 2857 965 2920 iussus
980 2856 1080 2919 alium
1103 2859 1259 2920 terrorem
1283 2856 1329 2918 in-

253 2960 285 3008 31
306 2944 384 3008 tulit
416 2944 571 3010 barbaris
616 2944 769 3029 Undique
799 2967 876 3031 ergo
900 2946 1112 3009 Macedonum
1145 2944 1242 3008 armis
1269 2945 1330 3007 ful-

307 3035 457 3120 gentibus
494 3036 629 3118 aneipiti
666 3034 751 3099 malo
791 3034 938 3119 oppressi
975 3034 1184 3098 memorabile
1222 3038 1331 3098 tamen

306 3123 465 3207 proelium
494 3123 601 3188 edunt.
638 3122 685 3188 Ut
708 3124 833 3208 opinor,
855 3125 1018 3210 ignaviam
1042 3145 1171 3207 quoque
1194 3124 1330 3186 necessi-

253 3229 286 3277 32
308 3217 357 3277 tas
388 3214 487 3295 acuit,
520 3217 552 3277 et
582 3235 677 3298 saepe
701 3213 882 3297 desperatio
911 3213 978 3296 spei
1009 3234 1106 3278 causa
1138 3217 1195 3276 est.
1241 3211 1330 3275 Nudi
1345 3240 1373 3279 so

380 3354 503 3424 3haud]
523 3353 579 3407 aud
597 3358 618 3404 P
635 3370 670 3407 m.
686 3371 730 3421 pr.
833 3353 928 3424 aegre]
952 3369 1036 3422 egere
1055 3358 1083 3406 P.
1187 3357 1220 3405 10
1240 3352 1330 3405 conti·

307 3426 398 3496 nenti]
419 3424 583 3479 continendi
601 3430 669 3478 Pm.
681 3441 726 3494 pr.
813 3424 913 3478 fronde
932 3430 957 3478 1:
977 3423 1069 3478 fronte
1089 3428 1119 3476 Δ,
1208 3429 1240 3475 12
1261 3441 1328 3491 qua-

305 3497 407 3567 tiente]
432 3496 581 3564 quaciente
604 3501 660 3548 PV.
771 3501 804 3549 13
828 3496 931 3551 edebat
956 3496 1131 3550 Vindelicus:
1157 3495 1280 3549 edebant
1298 3499 1330 3549 Δ.

308 3574 341 3621 15
367 3570 488 3637 poterat]
516 3568 643 3636 portarat
667 3574 695 3620 P.
807 3572 839 3620 16
865 3567 1011 3638 verticem]
1037 3566 1166 3620 uirticem
1190 3573 1210 3619 P
1233 3585 1265 3620 m.
1283 3585 1329 3635 pr.

307 3647 339 3693 21
360 3639 458 3709 facies]
483 3639 568 3692 faties
591 3644 624 3707 L,
650 3638 721 3693 facis
739 3644 770 3691 V.
880 3645 914 3691 22
934 3638 1048 3708 deinde]
1077 3639 1167 3691 dende
1192 3643 1211 3689 B
1233 3656 1267 3691 aa.
1284 3656 1330 3706 pr.

307 3719 341 3765 24
360 3711 454 3782 miles]
475 3710 567 3765 milles
584 3716 612 3763 Ρ.
675 3715 708 3764 25
727 3709 933 3779 Polyperconte
947 3716 972 3763 1:
993 3710 1186 3778 poliperconte
1205 3716 1230 3774 c,
1250 3709 1331 3777 poly-

302 3785 496 3852 perchontel’.
543 3782 736 3852 Amyntaque]
746 3781 910 3850 amintaque
920 3789 945 3834 0.
998 3786 1031 3834 30
1042 3781 1131 3851 acuit]
1140 3780 1234 3835 accuit
1243 3786 1274 3834 V.

295 3854 478 3927 desperatio]
495 3852 669 3925 diesperatio
688 3858 709 3905 1³
722 3871 750 3908 m
760 3870 806 3923 pr.
