3150 4459
339 421 378 514 11
741 461 947 515 remansio

335 629 394 688 duo
420 631 494 690 folia
521 630 714 706 quaternaria
740 648 921 707 pergamena
951 631 1149 708 conplectitur
1176 634 1207 691 et
1235 632 1355 691 saeculo

336 719 449 779 decimo
474 722 598 778 exeunte
623 720 670 779 vel
696 719 854 779 undecimo
877 719 998 780 ineunte
1028 721 1137 779 litteris
1164 722 1356 799 carolingicis

334 808 413 868 binis
432 808 577 868 columnis
600 810 772 868 vicenorum
799 810 1012 885 quaternorum
1037 828 1177 869 versuum
1203 812 1357 889 eleganter

336 898 465 975 scriptus
493 901 583 974 atque
607 917 626 956 a
656 901 820 957 correctore
848 899 1019 976 recognitus
1047 901 1078 957 et
1111 899 1357 959 adnotationibus

337 990 443 1046 auctus
462 989 515 1047 est.
551 987 710 1047 Praeterea
732 990 840 1063 postea
864 987 991 1047 duorum
1015 989 1063 1047 vel
1085 988 1178 1047 trium
1199 989 1357 1048 hominum

337 1078 533 1136 correctiones
552 1080 643 1154 atque
662 1096 783 1136 rasuras
802 1095 958 1153 perpessus
978 1080 1030 1137 est.

404 1165 502 1226 Codex
521 1165 728 1242 Leidensis,
752 1167 805 1242 qui
827 1167 955 1226 nuncin
978 1166 1160 1226 bibliotheca
1185 1168 1356 1226 academiae

335 1255 488 1314 Leidensis
502 1258 582 1315 inter
596 1256 712 1315 codices
726 1255 851 1316 Latinos
866 1256 979 1315 formae
995 1255 1160 1333 quadratae
1175 1259 1357 1316 centesimus

335 1345 502 1404 tricesimus
526 1346 670 1421 septimus
689 1348 746 1420 est,
771 1345 843 1405 olim
867 1347 984 1404 centum
1007 1346 1135 1423 triginta
1158 1345 1254 1405 tribus
1274 1346 1356 1405 foliis

335 1435 524 1512 pergamenis
544 1434 689 1513 oblongae
709 1436 832 1510 formae,
851 1454 979 1511 quorum
993 1438 1120 1510 utraque
1139 1436 1251 1512 pagina
1264 1436 1357 1494 unde-

335 1524 517 1583 tricenorum
539 1543 679 1584 versuum
699 1526 756 1598 est,
780 1523 949 1599 constabat,
976 1525 1026 1583 sed
1052 1543 1130 1583 nunc
1148 1525 1222 1583 folio
1246 1525 1354 1585 ultimo

336 1616 439 1672 avolso
458 1615 538 1672 lacer
556 1616 609 1689 est,
629 1618 663 1672 ut
679 1613 763 1671 Curti
781 1613 879 1673 verbis
894 1615 921 1672 X
942 1611 992 1688 10,
1014 1617 1053 1673 16
1073 1615 1228 1673 dwmtucat
1239 1616 1357 1687 paticu-

336 1708 392 1762 tem
410 1703 535 1762 desinat.
574 1702 709 1779 Scriptus
725 1705 826 1762 autem
845 1706 890 1762 est
904 1704 1021 1763 saeculo
1036 1703 1151 1762 decimo
1166 1703 1355 1781 carolingicis

336 1793 513 1870 plerumque
538 1792 648 1852 litteris
675 1795 764 1868 atque
791 1813 808 1851 a
831 1795 995 1852 correctore
1018 1792 1189 1870 recognitus
1215 1795 1246 1851 et
1264 1793 1356 1851 adno-

336 1883 501 1940 tationibus
520 1884 697 1942 instructus:
721 1881 771 1941 sed
795 1881 955 1941 dolendum
973 1885 1031 1956 est,
1056 1882 1136 1957 quod
1154 1885 1259 1957 postea
1280 1902 1359 1942 com-

336 1973 436 2047 plures
454 1973 589 2031 homines
605 1976 635 2031 et
653 1971 827 2049 corrigendo
842 1974 872 2030 et
885 1970 1051 2030 inducendo
1066 1974 1097 2030 et
1113 1972 1245 2030 radendo
1265 1971 1356 2030 verba

336 2061 506 2120 foedissime
525 2061 775 2121 deformaverunt.

405 2149 502 2209 (lodex
527 2150 728 2224 Parisinus,
759 2152 813 2225 qui
837 2169 916 2208 nunc
940 2151 972 2208 in
997 2149 1179 2209 bibliotheca
1205 2151 1356 2209 nationali

336 2243 415 2299 inter
433 2240 548 2300 codices
566 2240 677 2298 latinos
697 2240 854 2315 quinquies
873 2239 1050 2300 millesimus
1073 2241 1356 2317 septingentesimus

336 2330 468 2389 decimus
491 2332 590 2388 sextus
614 2331 672 2403 est,
691 2328 771 2388 foliis
791 2328 931 2388 extremis
950 2329 1074 2404 evolsis,
1098 2332 1134 2387 ut
1153 2328 1237 2387 Curti
1257 2329 1357 2389 verbis

336 2420 372 2495 X,
387 2421 417 2493 8,
433 2420 474 2477 14
494 2421 641 2493 armisque
658 2418 806 2492 poaccdts
819 2418 987 2493 definiatur,
1007 2421 1126 2478 centum
1145 2418 1255 2496 viginti
1270 2421 1359 2495 quat-

336 2512 405 2568 tuor
430 2503 506 2567 folia
534 2528 715 2586 pergamena
745 2510 858 2567 formae
884 2506 1044 2587 oblongae,
1075 2526 1201 2583 quorum
1227 2510 1359 2583 unaque

336 2600 450 2676 pagina
468 2598 597 2656 tricenos
620 2598 755 2676 singulos
778 2615 880 2656 versus
904 2596 1008 2670 babet,
1034 2598 1227 2672 amplectitur
1245 2599 1276 2655 et
1295 2616 1359 2655 sae-

337 2690 404 2747 culo
424 2688 538 2747 decimo
556 2689 678 2746 ineunte
697 2687 808 2745 litteris
832 2686 1022 2765 carolingicis
1041 2706 1102 2746 non
1120 2686 1281 2745 admodum
1301 2688 1359 2745 ele-

337 2781 443 2856 ganter
461 2777 589 2852 scriptus
613 2780 705 2852 atque
728 2796 747 2835 a
765 2779 929 2835 correctore
953 2775 1126 2835 emendatus
1150 2778 1203 2834 est.
1242 2775 1357 2833 Deinde

338 2867 456 2927 saeculo
476 2867 588 2925 decimo
603 2868 712 2943 quarto
726 2865 818 2925 codex
831 2866 969 2941 plurimis
983 2866 1057 2925 locis
1072 2864 1109 2923 ab
1126 2864 1246 2924 homino
1260 2865 1358 2939 docto,

338 2957 390 3033 qui
402 2956 501 3015 codice
516 2956 660 3015 Bernensi
674 2958 729 3014 aut
738 2957 803 3014 eius
813 2955 966 3014 simillimo
980 2954 1129 3028 utebatur,
1139 2957 1169 3012 et
1183 2953 1359 3032 corrigendo

234 3039 236 3042 ยน
338 3049 368 3105 et
385 3046 552 3105 inducendo
571 3048 600 3103 et
618 3044 750 3104 radendo
773 3064 833 3103 non
852 3048 916 3103 tam
940 3043 1113 3103 emendatus
1137 3063 1226 3119 quam
1251 3043 1356 3119 depra-

338 3138 427 3194 vatus
447 3138 500 3194 est.

406 3224 504 3284 Codex
523 3224 737 3299 Vossianus,
770 3225 823 3299 qui
851 3242 930 3281 nunc
949 3221 1089 3301 Lugduni
1114 3222 1301 3281 Batavorum
1326 3223 1358 3279 in

338 3314 520 3373 bibliotheca
539 3313 710 3372 academiae
733 3315 814 3371 inter
837 3312 951 3371 codices
970 3311 1093 3371 Latinos
1113 3310 1276 3371 Vossianos
1299 3312 1357 3370 for-

338 3423 404 3462 mae
428 3403 594 3478 quadratae
613 3403 771 3462 vicesimus
796 3404 854 3470 est,
879 3401 951 3461 olim
977 3403 1121 3477 quattuor
1140 3403 1170 3459 et
1193 3402 1360 3475 nonaginta

338 3493 414 3552 folia
424 3494 615 3568 quaternaria
629 3511 817 3569 pergamena,
829 3510 955 3567 quorum
969 3494 1098 3567 utraque
1108 3489 1220 3566 pagina
1229 3489 1359 3548 tricenos

338 3586 438 3642 ternos
452 3582 501 3640 vel
514 3582 643 3641 tricenos
657 3580 743 3640 binos
757 3599 860 3640 versus
880 3582 1021 3655 continet,
1041 3578 1287 3657 amplectebatur,
1308 3577 1359 3637 sed

338 3692 416 3731 nunc
435 3672 508 3730 folio
527 3674 656 3731 extremo
676 3674 766 3746 caret,
784 3673 820 3729 ut
838 3670 900 3729 iam
915 3668 999 3729 Curti
1015 3668 1106 3729 verba
1124 3669 1151 3726 X
1168 3671 1217 3742 10,
1235 3669 1275 3725 13
1290 3667 1359 3725 inde

340 3779 542 3837 apurqaoerc
560 3778 666 3835 corpus
682 3759 792 3819 desint:
819 3761 949 3836 scriptus
975 3762 1076 3819 autem
1099 3761 1144 3817 est
1168 3757 1286 3816 saeculo
1310 3757 1358 3815 de-

339 3852 416 3911 cimo
443 3850 553 3910 litteris
579 3850 767 3927 carolingicis
792 3847 953 3909 admodum
976 3848 1130 3926 eleganter
1152 3848 1183 3907 et
1205 3865 1223 3905 a
1247 3864 1359 3906 correc-
