3150 4459
444 475 698 531 HISTORIARUM
717 476 933 531 ALEXANDRI
951 477 1024 546 VIII,
1043 483 1068 532 4.
1202 478 1267 542 267
1379 557 1383 567 ,

246 641 454 723 consumpsit.
491 640 667 704 Memoriae
689 641 855 723 proditum
880 645 928 705 est
952 641 1108 724 quosdam
1132 642 1270 727 adplica·
1290 661 1324 710 14

245 733 297 791 166
316 729 466 793 arborum
486 731 610 796 truncis
629 734 661 793 et
679 752 746 794 non
765 732 871 794 solum
886 730 1079 813 viventibus,
1098 731 1153 796 sod
1172 733 1269 797 etiam

244 819 330 882 inter
354 841 387 881 se
412 818 682 902 conloquentibus
702 820 818 883 similis
837 842 905 883 esse
925 824 1114 904 conspectos
1134 821 1269 886 durante

245 907 350 971 adhuc
387 908 515 991 habitu,
551 908 586 972 in
623 930 687 991 quo
725 932 812 973 mors
852 931 1011 992 quemque
1050 910 1268 993 deprenderat.

217 996 341 1062 sForte
374 997 506 1061 Macedo
545 998 711 1084 gregarius
744 997 839 1062 miles
872 1020 969 1082 seque
1002 1002 1034 1063 61
1067 1022 1157 1063 arma
1188 1000 1270 1064 male
1290 1020 1322 1068 16

245 1090 429 1149 6661661666
457 1091 567 1151 16111611
595 1088 628 1150 111
657 1091 763 1151 castra
784 1092 989 1171 pervenerat:
1022 1109 1086 1170 quo
1110 1088 1180 1152 viso
1203 1110 1269 1173 rex,

244 1197 440 1259 quamquam
474 1176 543 1259 ipse
570 1179 640 1240 tum
670 1178 810 1242 maxime
838 1178 968 1241 admoto
997 1176 1072 1263 igne
1103 1176 1269 1243 refovebat

244 1269 342 1345 artus,
366 1288 405 1328 ex
430 1268 509 1329 sella
527 1287 585 1329 sua
604 1264 719 1330 exiluit
738 1270 986 1351 torpentemque
1005 1266 1144 1330 militem
1163 1271 1196 1331 et
1214 1268 1269 1331 vix

244 1359 428 1437 compotem
447 1355 565 1418 mentis
584 1355 724 1438 demptis
743 1356 842 1420 armis
861 1356 896 1419 iu
914 1376 973 1419 sua
991 1356 1066 1420 sede
1084 1356 1180 1420 iussit
1195 1378 1269 1421 con-

202 1444 355 1510 residere.
392 1443 451 1508 Ille
475 1444 531 1508 diu
553 1466 622 1527 nec,
645 1444 702 1509 ubi
725 1445 950 1528 requiesceret,
973 1467 1041 1528 nec,
1065 1468 1083 1509 a
1102 1468 1166 1529 quo
1186 1449 1270 1510 esset
1290 1468 1322 1515 16

244 1537 410 1616 exceptus,
443 1534 584 1619 agnovit.
632 1533 775 1599 Tandem
804 1538 933 1618 recepto
966 1534 1070 1599 calore
1095 1535 1199 1616 vitali,
1232 1539 1270 1598 ut

243 1623 363 1707 regiam
394 1624 501 1686 sedem
525 1645 698 1708 regemque
721 1624 817 1707 vidit,
849 1624 982 1689 territus
1007 1624 1119 1710 surgit.
1166 1623 1268 1701 Quem
1290 1646 1322 1693 17

242 1714 371 1776 intuens
400 1710 596 1777 Alexander:
631 1713 770 1797 ‘Ecquid
803 1714 974 1799 intellegis,
1006 1713 1121 1795 miles',
1153 1713 1269 1797 inquit,

243 1802 376 1884 ‘quanto
406 1801 538 1865 meliore
567 1807 654 1866 sorte
682 1824 778 1885 quam
803 1801 919 1866 Persae
948 1802 1007 1867 sub
1031 1826 1106 1889 rege
1130 1803 1269 1867 vivatis?

201 1920 227 1959 15
243 1890 312 1955 Illis
342 1892 427 1954 enim
456 1892 491 1955 in
515 1893 594 1956 sella
616 1892 703 1976 regis
727 1891 909 1956 consedisse
933 1891 1053 1976 capital
1076 1894 1175 1976 foret,
1206 1892 1267 1956 tibi

243 1981 339 2044 saluti
367 1980 451 2043 fuit'.
496 1979 632 2045 Postero
661 1982 712 2044 die
744 1981 928 2045 convocatis
952 1982 1064 2046 amicis
1089 1983 1268 2065 copiarum·
1288 2002 1321 2050 18

243 2092 305 2153 que
338 2069 473 2133 ducibus
506 2071 711 2152 pronuntiari
744 2070 854 2154 iussit,
890 2070 998 2154 ipsum
1032 2070 1153 2154 omnia,
1186 2093 1268 2154 quae

243 2160 361 2223 amissa
389 2162 510 2240 essent,
540 2160 748 2224 redditurum.
796 2159 840 2224 Et
863 2160 1023 2244 promisso
1048 2160 1126 2224 fides
1151 2161 1267 2225 extitit.

241 2247 327 2311 Nam
344 2246 544 2312 Sisimithres
568 2249 671 2312 multa
695 2248 840 2314 iumenta
862 2253 895 2313 et
916 2252 1110 2314 camelorum
1128 2268 1154 2313 11
1177 2249 1269 2314 milia
1288 2272 1321 2319 19

202 2358 228 2406 '20
243 2337 376 2401 adduxit
400 2359 581 2421 pecoraque
605 2342 637 2402 61
660 2342 819 2403 armenta:
845 2360 927 2421 quae
952 2339 1124 2404 distributa
1146 2340 1268 2423 pariter

242 2426 380 2491 militem
404 2431 437 2490 et
460 2428 577 2491 damno
602 2432 634 2492 et
656 2429 742 2493 fame
765 2428 993 2493 liberaverunt.
1035 2428 1106 2493 Rex
1129 2429 1267 2513 gratiam
1287 2451 1322 2499 20

243 2516 306 2580 sibi
337 2518 471 2580 relatam
497 2540 515 2579 6
539 2515 723 2582 Sisimithre
750 2518 913 2601 perlaetus
941 2540 998 2582 sex
1028 2519 1152 2582 dierum
1177 2522 1269 2582 cocta

243 2605 363 2671 cibaria
385 2607 468 2669 ferre
492 2605 611 2671 milites
635 2606 739 2689 iussit,
763 2606 860 2671 Sacas
884 2611 1007 2691 petens.
1049 2607 1165 2671 Totam
1185 2608 1268 2671 hanc
1383 2656 1384 2659 ¹

242 2697 406 2780 regionem
441 2695 657 2779 depopulatus
680 2714 754 2759 xxx
782 2696 872 2760 milia
899 2718 1052 2781 pecorum
1081 2719 1120 2760 ex
1149 2696 1268 2780 praeda

201 2813 226 2853 rs
242 2784 421 2849 Sisimithri
444 2784 528 2848 dono
553 2785 616 2849 dat.

189 2883 226 2936 16
308 2872 388 2937 Inde
411 2874 559 2957 pervenit
581 2875 616 2938 in
639 2875 820 2960 regionem,
851 2873 904 2939 oui
928 2872 1099 2959 Oxyartes,
1124 2878 1267 2959 satrapes
1286 2900 1319 2948 21

240 2962 369 3045 nobilis,
393 2968 547 3046 praeerat,
572 2965 628 3046 qui
652 2985 685 3028 se
707 2965 794 3049 regis
817 2963 974 3047 potestati
992 2964 1132 3048 fideique
1151 2964 1267 3048 permi-

242 3053 292 3115 sit.
338 3051 397 3116 1116
430 3051 567 3136 imperio
597 3053 627 3116 ei
658 3053 784 3117 reddito
813 3053 900 3117 haud
926 3052 1065 3137 amplius
1097 3075 1206 3138 quam,
1230 3058 1267 3118 ut

315 3305 330 3352 3
351 3298 597 3370 conloquentibus]
617 3299 821 3354 collocantibus
839 3306 870 3356 V.
935 3300 1049 3373 similis]
1069 3301 1175 3355 similes
1194 3306 1266 3354 BFL

241 3387 310 3424 corr.
384 3376 400 3422 4
420 3371 609 3439 deprenderat
626 3377 659 3424 P:
679 3371 904 3441 deprehenderat
919 3379 943 3427 6.
1019 3376 1138 3428 bracle
1157 3375 1266 3427 susten·

241 3444 306 3495 tans
325 3444 435 3510 scropsi:
457 3444 617 3495 sustentans
636 3447 667 3495 A.
725 3448 742 3497 8
761 3443 873 3515 exiluit]
893 3444 1006 3498 exiliuit
1023 3450 1103 3498 ΠΡ.
1155 3450 1193 3509 Ι13
1214 3445 1265 3499 Eo·

241 3514 323 3584 quid]
343 3515 445 3581 ecquid
465 3519 496 3567 V.
578 3514 685 3586 inquit]
704 3513 805 3584 inquid
823 3520 854 3569 V.
934 3521 967 3569 16
987 3515 1201 3587 copiarumque]
1221 3533 1266 3570 co-

240 3586 351 3653 piarum
370 3591 398 3638 1³.
464 3591 497 3637 22
516 3578 649 3657 relatam]
668 3586 797 3640 relictam
816 3592 844 3640 P,
909 3587 938 3658 a]
957 3588 994 3640 ha
1012 3593 1043 3640 V.
1107 3588 1265 3653 Sisimithre

240 3658 350 3725 serpsi:
368 3656 528 3710 sisimethre
538 3663 568 3711 Δ.
642 3657 786 3726 perlaetus
801 3661 911 3727 scripsi:
926 3658 1072 3728 praelatus
1086 3664 1117 3713 Δ.
1173 3660 1265 3730 66616]

242 3731 340 3782 666616
354 3734 382 3793 1³,
403 3731 502 3782 666616
515 3735 544 3795 L,
564 3730 645 3784 cacta
659 3734 679 3781 B
693 3745 762 3783 corr.
777 3735 799 3781 F
812 3746 880 3784 corr.
941 3735 975 3783 23
995 3730 1080 3785 Sacas
1095 3732 1264 3786 Frobeac'as:

241 3816 324 3869 sagas
344 3805 372 3866 P,
392 3817 475 3870 sagos
491 3806 516 3854 6.
603 3804 702 3870 petens
721 3807 747 3854 1:
774 3803 919 3870 petentem
938 3807 968 3856 Δ.
1058 3808 1092 3855 25
1112 3801 1265 3856 Sisimithri

240 3873 351 3939 scripsi:
372 3872 527 3926 sisimethri
549 3878 579 3927 Δ.
636 3879 670 3926 26
691 3873 828 3942 Oxyartes
846 3874 950 3930 Aldus:
971 3873 1161 3929 cohortandus
1181 3879 1214 3927 A.
