3150 4459
488 452 741 506 HISTORIARUM
760 452 971 506 ALEXANDRI
990 454 1036 520 III,
1056 459 1080 507 8.
1248 455 1290 518 23

260 618 393 681 latores
426 617 506 681 mari
546 619 580 680 in
614 639 665 681 eas
707 618 855 702 regiones
891 617 1085 701 praemissos
1124 617 1291 703 explorare

262 705 372 787 iubet,
397 704 465 789 ipse
493 705 630 787 adesset,
663 729 703 769 an
736 707 973 789 praefectorum
1007 707 1124 790 aliquis
1153 709 1291 791 speciem

263 794 476 880 praebuisset
514 796 657 859 universi
696 796 854 860 venientis
894 798 1060 861 exercitus.
1115 796 1177 861 Sed
1215 797 1289 862 dum
1312 810 1344 859 18

266 884 492 968 speculatores
529 888 778 968 reverterentur,
815 884 929 969 procul
965 886 1079 971 ingens
1117 885 1291 951 multitudo
1335 877 1339 890 ⁸

235 977 445 1056 sconspecta
478 977 533 1037 est.
585 971 680 1059 Ignes
714 974 828 1039 deinde
860 977 937 1040 totis
971 975 1093 1059 campis
1126 976 1291 1040 conlucere
1334 987 1336 993 ’

267 1066 458 1146 coeperunt,
482 1063 654 1147 omniaque
681 1063 771 1129 velut
799 1064 977 1128 continenti
1005 1064 1153 1130 incendio
1182 1065 1292 1129 ardere

265 1153 352 1235 visa,
372 1174 444 1217 cum
462 1152 628 1217 incondita
645 1153 821 1217 multitudo
841 1154 979 1217 maxime
998 1158 1131 1238 propter
1150 1157 1292 1219 iumenta

266 1241 379 1307 laxius
402 1242 556 1306 tenderet.
603 1240 716 1325 Itaque
740 1264 777 1306 eo
802 1244 874 1326 ipso
897 1244 969 1308 loco
989 1244 1104 1308 metari
1128 1265 1202 1309 suos
1228 1265 1292 1308 cas·
1312 1260 1344 1307 19

266 1336 324 1396 tra
352 1331 500 1414 iusserat,
523 1331 626 1397 laetus
649 1331 804 1416 —quod
833 1334 919 1397 omni
944 1335 1121 1415 expetierat
1148 1338 1224 1398 voto
1247 1372 1292 1379 —

221 1454 251 1493 10
269 1423 308 1486 in
332 1420 399 1485 illis
416 1421 621 1504 potissimum
641 1421 800 1507 angustiis
821 1422 1054 1486 decernendum
1077 1422 1155 1486 fore.
1202 1421 1291 1487 Oete·
1310 1437 1345 1485 20

267 1533 361 1593 rum,
391 1514 428 1575 ut
459 1510 543 1574 solat
572 1510 655 1593 fieri,
691 1534 763 1575 cum
798 1511 906 1576 ultimi
939 1511 1132 1577 discriminis
1165 1516 1292 1595 tempus

268 1600 434 1683 adventat,
466 1601 500 1663 in
533 1599 782 1665 sollicitudinem
817 1623 910 1665 versa
941 1601 1059 1665 fiducia
1092 1605 1147 1665 est.
1199 1600 1292 1665 Illam

269 1691 379 1774 ipsam
411 1690 590 1773 fortunam,
627 1712 690 1774 qua
727 1691 913 1773 adspirante
949 1712 999 1755 res
1036 1694 1103 1755 tam
1140 1712 1292 1775 prospere

269 1782 426 1866 gesserat,
453 1779 624 1843 verebatur
646 1800 704 1842 nec
729 1780 847 1844 iniuria
871 1803 910 1843 ex
932 1779 998 1863 his,
1027 1802 1107 1863 quae
1126 1780 1293 1844 tribuisset

219 1900 249 1941 15
268 1868 348 1951 sibi,
371 1889 531 1952 quamque
552 1868 718 1933 mutabilis
737 1873 831 1952 esset,
854 1870 1038 1953 reputabat:
1061 1892 1159 1934 unam
1184 1892 1292 1953 super-

268 1978 344 2022 esse
362 1960 498 2040 noctem,
516 1980 597 2041 quae
616 1958 699 2021 tanti
719 1958 913 2024 discriminis
932 1963 1113 2023 moraretur
1132 1963 1292 2024 eventum.

268 2047 398 2111 Rursus
422 2047 619 2128 occurrebat,
647 2048 769 2111 maiora
796 2048 949 2132 periculis
972 2050 1113 2132 praemia
1141 2053 1181 2131 ct,
1210 2048 1293 2113 sicut
1312 2064 1344 2111 21

269 2135 410 2200 dubium
429 2140 522 2215 esset,
542 2159 583 2200 an
602 2138 752 2219 vinceret,
776 2138 822 2202 ita
840 2136 922 2201 illud
940 2138 1053 2221 utique
1073 2142 1195 2202 certum
1215 2160 1293 2223 esse,

269 2226 409 2291 honeste
433 2229 465 2289 et
489 2248 561 2289 cum
584 2247 702 2311 magna
725 2226 819 2291 laude
839 2227 1042 2290 moriturum.
1088 2226 1201 2311 Itaque
1226 2249 1293 2291 cor·
1312 2244 1345 2290 22

220 2348 252 2387 20
269 2337 354 2401 pora
381 2316 500 2379 milites
529 2337 640 2379 curare
663 2315 759 2380 iussit
786 2337 824 2380 ao
848 2316 960 2379 deinde
989 2316 1083 2381 tertia
1106 2315 1219 2403 vigilia
1247 2317 1292 2379 in-

269 2407 415 2469 structos
443 2408 476 2467 et
499 2409 639 2469 armatos
663 2426 745 2469 esse:
773 2405 842 2489 ipse
870 2408 904 2470 in
927 2408 1038 2491 iugum
1067 2406 1145 2470 editi
1172 2406 1293 2470 montis

270 2494 418 2560 escendit
444 2493 619 2577 multisque
647 2494 891 2559 conlucentibus
918 2495 1043 2560 facibus
1070 2496 1176 2579 patrio
1205 2517 1292 2560 more

271 2582 470 2648 sacrificium
494 2584 543 2647 dis
561 2583 764 2667 praesidibus
787 2582 852 2648 loci
870 2584 955 2649 fecit.
1002 2583 1133 2669 lamque
1152 2587 1292 2665 tertium,
1312 2601 1345 2648 23

271 2674 359 2738 sicut
387 2677 595 2757 praeceptum
626 2677 707 2755 erat,
737 2676 866 2759 signum
898 2675 976 2738 tuba
1005 2673 1097 2738 miles
1128 2676 1293 2758 acceperat

226 2791 255 2831 aa
271 2762 384 2827 itineri
406 2761 504 2825 simul
526 2767 658 2846 paratus
683 2784 720 2826 ac
741 2763 876 2847 proelia,
901 2767 1094 2847 strenueque
1118 2765 1197 2828 iussi
1220 2784 1292 2847 pro-

270 2852 386 2918 cedere
419 2851 541 2915 oriente
573 2854 649 2916 luce
677 2856 892 2936 pervenerunt
926 2854 967 2917 ad
999 2854 1179 2938 angustias,
1213 2874 1292 2936 quas

271 2962 432 3025 occupare
452 2940 666 3005 decreverant.
713 2941 855 3006 Dareum
873 2960 946 3005 xxx
966 2943 1040 3006 inde
1060 2941 1164 3006 stadia
1183 2942 1292 3005 abesse
1313 2959 1347 3006 24

249 3030 443 3116 praemissi
476 3030 671 3095 indicabant.
726 3031 817 3095 Tune
849 3032 1024 3096 consistere
1058 3054 1172 3117 agmen
1204 3031 1294 3095 iubet

271 3119 437 3203 armisque
460 3120 529 3203 ipse
553 3120 690 3205 sumptis
715 3122 816 3184 aciem
841 3121 977 3185 ordinat.

219 3216 256 3272 22
340 3208 446 3273 Dareo
471 3210 645 3273 adventum
668 3209 812 3275 hostium
833 3210 943 3295 pavidi
967 3214 1109 3295 agrestes
1128 3209 1294 3273 nuntiave-

232 3327 257 3366 ει
271 3302 350 3363 runt
380 3298 435 3361 vix
463 3298 602 3363 credenti
627 3321 794 3364 occurrere
823 3302 934 3382 etiam,
963 3321 1044 3383 quos
1072 3302 1110 3362 ut
1132 3298 1293 3384 fugientes

346 3498 360 3545 1
376 3492 447 3545 mari
461 3492 491 3545 in
506 3510 552 3547 aas
569 3495 684 3547 Meiser:
699 3494 856 3547 maritimas
866 3497 896 3544 Δ.
954 3498 968 3545 3
983 3491 1135 3563 venientis]
1149 3489 1295 3545 uenientes

272 3572 300 3619 Ρ.
376 3565 443 3617 dum
467 3566 578 3633 scripsi:
606 3582 669 3618 cum
687 3570 717 3618 Δ.
793 3564 921 3635 ovelut]
947 3563 1031 3618 velud
1052 3571 1079 3616 P.
1155 3568 1187 3615 10
1207 3579 1295 3631 angu-

272 3637 348 3707 stiis]
369 3636 515 3706 angustias
534 3643 554 3688 Ρ
573 3655 606 3690 m.
618 3654 662 3705 pr.
730 3643 762 3689 12
787 3636 1021 3706 sollicitudinem]
1042 3634 1249 3688 solicitudinem
1263 3640 1294 3699 V,

271 3708 458 3765 solitudinem
467 3714 493 3759 1³.
552 3713 583 3760 13
599 3709 753 3779 fortunam]
768 3709 882 3762 fortuna
891 3714 918 3760 P,
980 3713 1012 3759 17
1028 3706 1145 3776 Rursus]
1160 3723 1256 3758 russus
1266 3709 1294 3757 B.

273 3786 306 3834 18
325 3779 463 3849 vinceret]
482 3782 598 3834 unceret
611 3785 642 3833 V.
698 3780 782 3851 illud]
797 3779 858 3833 ilud
873 3786 900 3833 Ρ.
957 3785 988 3832 21
1010 3778 1294 3849 montis]m0ntes1³.

272 3858 307 3907 25
327 3850 424 3905 itineri
439 3851 546 3906 Laeter:
566 3851 667 3905 itinere
681 3855 711 3904 Δ.
768 3857 802 3905 28
821 3850 984 3925 praemissi]
1000 3849 1190 3921 praemissas
1207 3866 1245 3902 m.
1257 3864 1305 3915 pr.
