3150 4459
463 448 718 506 HISTORIARUM
738 452 950 506 ALEXANDRI
968 452 1028 519 1111,
1049 459 1090 506 13.
1244 452 1284 517 91

260 618 460 681 versabilem
483 617 602 700 posuit,
629 620 675 700 ut,
698 616 755 699 qui
778 616 888 680 ultimi
911 617 1049 699 stabant,
1076 638 1117 680 ne
1141 617 1287 682 circumi-

261 710 394 790 rentur,
423 708 505 771 verti
528 711 638 770 tamen
665 708 697 769 et
725 706 760 769 in
781 706 922 770 frontem
946 707 1119 792 circumagi
1147 710 1287 789 possent.

262 795 383 879 Itaque
410 818 476 861 non
502 797 609 879 prima
631 817 729 879 quam
752 796 868 877 latera,
894 817 962 859 non
988 797 1089 860 latera
1111 796 1288 859 munitiora

219 893 246 947 ‚1
263 885 358 950 fuere
382 908 477 969 quam
501 890 600 971 terga.
647 884 708 948 His
737 885 783 947 ita
807 884 961 948 ordinatis
985 886 1154 968 praecipit,
1183 889 1232 967 111,
1260 886 1287 948 si
1307 903 1340 950 33

235 976 405 1042 sfalcatos
433 996 545 1039 currus
579 996 652 1039 oum
680 975 811 1038 fremitu
838 974 967 1038 barbari
995 975 1191 1058 emitterent,
1225 975 1287 1057 ipsi

264 1065 386 1129 laxatis
421 1064 588 1129 ordinibus
619 1065 776 1147 impetum
808 1064 1039 1128 incurrentium
1074 1063 1203 1127 silentio
1237 1086 1288 1126 ex-

266 1155 424 1238 ciperent,
442 1154 528 1218 haud
548 1154 665 1218 dubius
685 1154 753 1217 sine
771 1174 856 1217 noxa
874 1157 1123 1234 transcursuros,
1147 1153 1174 1216 si
1192 1173 1287 1217 nemo
1382 1148 1384 1156 ’

267 1266 301 1309 se
327 1248 516 1328 opponeret:
545 1245 595 1307 sin
619 1247 727 1307 autem
751 1242 819 1306 sine
842 1242 975 1307 fremitu
999 1243 1205 1325 inmisissent,
1233 1264 1287 1306 eos

266 1334 332 1417 ipsi
355 1332 494 1397 clamore
514 1336 670 1397 terrerent
688 1331 887 1416 pavidosque
910 1353 1009 1415 equos
1032 1333 1106 1396 telis
1125 1332 1290 1415 utrimque¹

226 1450 253 1489 ro
267 1422 474 1487 suffoderent.
534 1420 597 1497 Qui
635 1422 786 1486 cornibus
824 1425 1005 1504 praeerant,
1043 1422 1214 1485 extendere
1252 1438 1342 1485 1114

267 1512 349 1576 iussi
378 1512 437 1594 ita,
467 1514 503 1574 ut
531 1532 591 1575 nec
618 1512 939 1594 circumvenirentur,
973 1512 999 1575 si
1027 1512 1128 1575 artius
1157 1514 1288 1594 starent,

266 1624 329 1666 nec
362 1605 471 1665 tamen
497 1600 645 1665 ultimam
676 1602 776 1664 aciem
806 1600 1015 1665 exinanirent.
1066 1600 1289 1684 Inpedimenta
1308 1617 1341 1664 35

268 1714 342 1757 cum
367 1690 513 1773 captivis,
540 1691 624 1755 inter
651 1712 732 1773 quos
755 1694 860 1754 mater
881 1690 1040 1774 liberique
1063 1690 1160 1754 Darei
1184 1694 1288 1754 custo-

267 1781 452 1863 diebantur,
480 1780 567 1844 haud
594 1781 709 1863 procui
736 1780 803 1843 acie
831 1780 865 1842 in
894 1780 979 1844 edito
1009 1781 1090 1844 colle
1119 1778 1289 1844 constituit

235 1896 255 1935 a
268 1870 397 1935 modico
420 1869 580 1953 praesidio
609 1870 731 1933 relicte.
777 1868 919 1933 Laevum
949 1890 1061 1952 cornu,
1090 1870 1172 1932 sicut
1200 1868 1289 1949 alias,

267 1959 476 2024 Parmenioni
499 1958 653 2023 tuendum
677 1959 797 2041 datum,
821 1959 890 2042 ipse
913 1958 948 2021 in
971 1958 1083 2022 dextro
1109 1958 1223 2022 stabat.

334 2047 490 2112 Nondum
515 2048 555 2112 ad
578 2049 697 2112 iactum
721 2048 779 2111 teli
798 2051 988 2131 perventum
1008 2051 1085 2130 erat,
1109 2069 1181 2112 cum
1205 2047 1289 2111 Bion
1308 2064 1342 2112 36

268 2139 401 2222 quidam
424 2139 605 2224 transfuga,
634 2142 755 2220 quanto
784 2137 926 2201 maximo
956 2158 1052 2201 cursu
1075 2141 1219 2221 poterat,
1250 2136 1288 2200 ad

267 2251 378 2314 regem
411 2229 557 2311 pervenit
588 2228 752 2308 nuntians,
784 2226 922 2291 murices
955 2226 1076 2291 ferreos
1109 2228 1143 2291 in
1172 2230 1289 2291 terram
1318 2271 1321 2277 -

232 2342 255 2384 a
268 2317 437 2382 diffudisse
455 2316 606 2400 Dareum,
629 2339 694 2400 qua
711 2317 840 2381 hostem
859 2316 984 2399 equites
1004 2316 1197 2380 emissurum
1221 2337 1289 2380 esse

269 2406 428 2488 credebat,
452 2409 664 2489 notatumque
689 2410 776 2471 certo
802 2404 894 2491 signo
914 2406 1030 2487 locum,
1053 2409 1091 2469 ut
1113 2406 1202 2470 fraus
1227 2406 1290 2470 evi-

268 2497 331 2560 tari
362 2518 381 2559 a
411 2496 477 2560 suis
507 2500 624 2579 posset.
673 2494 847 2560 Adservari
877 2496 1045 2581 transfuga
1075 2496 1162 2561 iusso
1194 2496 1289 2559 duces
1309 2512 1343 2558 37

268 2588 427 2650 convocat
450 2586 670 2668 expositoque,
695 2585 782 2668 quod
800 2585 986 2649 nuntiatum
1010 2589 1087 2668 erat,
1110 2586 1230 2665 monet,
1253 2588 1290 2647 ut

267 2675 435 2761 regionem
459 2678 670 2738 monstratam
694 2673 856 2738 declinent
879 2676 1087 2758 equitemque
1110 2674 1290 2757 periculum

228 2792 253 2831 aa
268 2765 434 2829 edoceant.

219 2854 252 2915 11
338 2852 488 2917 Ceterum
511 2853 695 2917 hortantem
717 2854 877 2917 exercitus
901 2852 1050 2917 exaudire
1074 2874 1140 2916 non
1159 2846 1291 2936 'poterat
1311 2867 1343 2915 38

267 2966 363 3008 usum
395 2943 519 3007 aurium
543 2941 768 3026 intercipiente
791 2943 925 3007 fremitu
953 2942 1090 3005 duorum
1115 2941 1290 3028 agminum,

268 3033 326 3098 sed
345 3033 381 3097 ia
400 3036 573 3116 conspectu
594 3032 738 3097 omnium
758 3033 854 3096 duces
876 3036 909 3096 et
926 3031 1111 3116 proximum
1131 3052 1291 3115 quemque

323 3188 484 3195 ...-.———

342 3287 356 3334 1
373 3279 598 3351 circumirentur]
613 3278 906 3334 circircumircnturr.
963 3286 978 3332 8
994 3279 1053 3349 eos]
1069 3284 1132 3332 eoP
1146 3296 1180 3331 m.
1191 3295 1236 3346 pr.

267 3352 454 3423 immisissent]
468 3350 683 3405 inmisisentFL
697 3368 731 3404 m.
742 3368 788 3420 pr.
841 3358 872 3405 11
887 3350 969 3421 iussi]
983 3350 1108 3404 iussier.
1161 3349 1291 3419 1400110]

267 3425 318 3479 ille
337 3430 365 3477 Ρ.
428 3430 460 3477 15
480 3423 578 3493 cornu]
598 3439 702 3476 cornu*
717 3428 744 3475 P.
807 3428 838 3475 16
859 3422 1048 3492 Parmenioni]
1070 3420 1245 3490 parmenioni
1263 3426 1291 3473 Ρ.

269 3502 302 3551 17
322 3496 442 3567 iactum]
466 3494 571 3548 iactum
590 3499 610 3546 Β
628 3499 804 3563 11111111.
823 3512 868 3563 pr.
887 3500 907 3547 1.
929 3513 963 3547 m.
980 3513 1026 3563 pr.
1126 3493 1292 3561 perventum

267 3570 331 3624 erat
359 3568 473 3636 11111111
503 3567 672 3634 peruenerat
699 3570 729 3618 Δ.
841 3572 872 3619 18
905 3568 1017 3633 poterat
1043 3570 1069 3617 1:
1102 3567 1234 3633 potuerat
1261 3568 1291 3616 Δ.

268 3646 303 3695 20
323 3637 472 3693 diffudisse
496 3639 607 3707 scra'yrss':
627 3636 1109 3705 111111ᾰὶ11111,1111011111θέ1111.
1181 3640 1212 3688 21
1234 3651 1293 3688 cre-

268 3712 368 3783 debat]
399 3709 553 3765 eredebant
575 3715 603 3762 Ρ.
712 3715 746 3761 26
774 3708 935 3762 hortantem
964 3709 1118 3763 Beothius:
1152 3706 1206 3759 hoc
1231 3708 1293 3759 tan·

269 3785 334 3839 dam
348 3788 380 3836 Δ.
453 3781 862 3853 poterat]pcterant1’m.pr.
919 3785 951 3832 28
971 3782 1003 3834 ia
1022 3780 1174 3848 conspectu
1192 3780 1292 3832 Vinde-

267 3858 357 3913 laur:
373 3855 532 3924 'conspectu
550 3858 580 3906 Δ.
