3150 4459
317 468 383 531 262
696 420 733 532 ἐξ.ι
748 467 858 522 CURTI
876 467 963 521 RUFI

315 632 424 715 misso,
448 634 505 717 qui
528 633 646 695 reverti
669 652 725 695 eos
748 632 874 695 iuberet
897 632 1103 715 opperirique
1123 632 1347 714 praesentiam

315 721 431 805 ipsius,
465 722 650 805 supervenit
677 724 710 784 et
733 721 875 786 victimis
898 719 1061 785 Minervae
1086 718 1151 804 [ac]
1175 718 1349 784 Victoriae

316 810 418 875 caesis
441 810 613 894 imperium
633 807 812 874 Sisimithri
835 810 978 875 restituit
1007 832 1063 893 spe
1088 808 1219 874 maioris
1244 810 1349 873 etiem

315 899 500 982 provinciae
523 900 617 982 facta,
640 900 669 963 si
688 921 761 964 cum
780 899 844 963 fide
863 899 1037 963 amicitiam
1057 898 1158 983 ipsius
1177 898 1348 963 coluisset.

262 1004 296 1053 33
316 987 407 1053 Duos
430 988 479 1053 illi
503 989 633 1053 iuvenes
657 993 759 1072 patre·
772 989 919 1053 tradente
943 1010 1052 1054 secum
1075 988 1277 1052 militaturos
1299 1010 1348 1052 se·
1377 1016 1388 1055 a

338 1078 372 1141 ui
396 1078 499 1142 iussit.

316 1099 337 1160 q
382 1166 509 1232 Relicta
538 1167 651 1231 deinde
679 1166 840 1252 phalange
868 1166 908 1230 ad
933 1166 1143 1253 subigendae,
1176 1166 1233 1249 qui
1259 1166 1348 1230 dese
1366 1176 1399 1229 10

262 1260 437 1340 arcerent,
470 1279 543 1322 curn
571 1257 680 1340 equite
709 1256 875 1340 processit.
923 1255 1070 1320 Arduum
1099 1260 1131 1321 et
1159 1255 1348 1339 inpeditum

317 1347 402 1410 saxis
436 1346 498 1409 iter
524 1346 630 1430 primo
656 1350 833 1429 utcumque
856 1346 1051 1429 tolerabant,
1084 1368 1161 1409 mox
1184 1366 1348 1429 equorum

313 1456 381 1499 non
408 1437 540 1521 ungulis
564 1436 660 1500 modo
685 1437 821 1516 attritis,
854 1436 908 1499 sed
933 1435 1123 1519 corporibus
1146 1434 1244 1499 etiam
1271 1435 1387 1504 fati-10

315 1524 401 1610 gatis
434 1524 525 1608 sequi
559 1525 704 1609 plerique
734 1546 801 1589 non
824 1527 988 1609 poterant,
1021 1528 1053 1588 et
1077 1525 1180 1588 rarius
1205 1523 1348 1589 subinde

316 1635 431 1698 agmen
450 1614 549 1678 fiebat
567 1614 733 1699 pudorem,
751 1618 790 1678 ut
808 1614 875 1678 fere
893 1614 940 1697 fit,
963 1613 1125 1678 inmodico
1144 1610 1255 1677 labore
1276 1615 1348 1679 vin-

262 1720 295 1768 35
315 1706 415 1767 cente.
462 1702 533 1767 Rex
565 1707 674 1767 tamen
702 1703 838 1767 subinde
869 1725 968 1787 equos
996 1681 1126 1767 mutans
1150 1702 1219 1766 sine
1242 1702 1347 1768 inter-

316 1792 470 1857 missione
497 1792 658 1878 fugientes
686 1793 924 1876 insequebatur.
969 1791 1106 1857 Nobiles
1135 1792 1268 1856 iuvenes
1295 1814 1347 1858 co-

256 1918 258 1921 ·
315 1882 424 1945 mitari
452 1903 525 1947 eum
554 1883 643 1946 soliti
667 1883 850 1947 defecerant
871 1886 999 1967 praeter
1021 1881 1226 1965 Philippum:
1249 1880 1386 1965 Lysi-15

315 1969 422 2035 machi
447 1974 516 2034 erat
538 1972 640 2055 frater
662 1975 733 2035 tum
756 1970 897 2055 primum
922 1971 1052 2036 adultus
1076 1974 1117 2054 et,
1141 1970 1347 2053 quod-facile

262 2078 296 2125 33
315 2060 497 2143 adpareret,
530 2060 648 2125 indolis
681 2083 781 2125 rarae.
827 2058 860 2124 ls
888 2060 998 2144 pedes,
1031 2059 1220 2125 incredibile
1243 2059 1347 2146 dictu,

316 2171 374 2232 per
396 2167 421 2212 n
445 2149 550 2214 stadia
573 2153 701 2214 vectum
720 2172 827 2236 regem
849 2149 1021 2214 comitatus
1040 2153 1089 2215 est
1108 2171 1202 2234 saepe
1222 2171 1347 2232 equum

316 2260 410 2302 suum
436 2240 590 2304 offerente
612 2238 816 2323 Lysimacho,
839 2261 900 2304 nec
922 2244 1038 2322 tamen,
1061 2243 1099 2303 ut
1123 2238 1348 2323 digrederetur

317 2349 336 2390 a
358 2348 443 2412 rege,
466 2328 554 2392 effici
576 2329 692 2412 potuit,
717 2350 789 2392 cum
810 2328 913 2393 lorica
931 2329 1063 2393 indutus
1083 2350 1173 2392 arma
1190 2331 1347 2413 gestaret.
1363 2362 1388 2400 ,ο

263 2435 296 2483 37
316 2414 415 2499 Idem,
439 2439 512 2480 cum
535 2421 726 2501 perventum
751 2421 834 2482 esset
857 2418 892 2482 in
916 2420 1044 2503 saltum,
1068 2418 1101 2482 in
1125 2439 1189 2500 quo
1214 2439 1247 2481 se
1274 2418 1347 2482 bar-

317 2505 387 2570 bari
406 2506 606 2591 abdiderant,
624 2506 768 2572 nobilem
787 2507 888 2572 edidit
907 2530 1050 2593 pugnam
1069 2528 1242 2592 regemque
1257 2528 1348 2571 com-

263 2612 297 2660 38
317 2595 425 2659 minus
448 2616 522 2660 cum
545 2596 638 2661 hoste
662 2597 868 2661 dimicantem
891 2597 1042 2680 protexit.
1083 2595 1144 2660 Sed
1168 2599 1346 2680 postquam

317 2683 446 2748 barbari
468 2686 503 2749 in
526 2686 637 2772 fugam
662 2686 754 2751 effusi
778 2686 945 2751 deseruere
969 2686 1080 2770 silvas,
1114 2686 1254 2768 animus,
1288 2688 1347 2770 qui

316 2773 350 2837 in
370 2773 483 2838 ardore
503 2797 633 2861 pugnae
647 2798 764 2860 corpus
779 2779 1023 2859 sustentaverat,
1041 2774 1148 2859 liquit,
1168 2774 1347 2859 subitoque
1362 2807 1388 2849 25

317 2884 356 2927 ex
380 2863 531 2928 omnibus
555 2865 709 2930 membris
731 2866 865 2949 profuso
890 2865 1006 2929 sudore
1029 2865 1153 2928 arboris
1175 2863 1346 2947 proximae

264 2969 297 3016 33
318 2952 422 3035 stipiti
446 2976 479 3017 se
502 2954 666 3038 adplicuit.
704 2953 828 3021 Deinde
852 2977 892 3017 ne
916 2954 972 3018 illo
998 2955 1127 3038 quidem
1147 2953 1346 3019 adminiculo

317 3042 497 3107 sustinente
520 3044 671 3109 manibus
694 3045 780 3131 regis
805 3047 958 3127 exceptus
980 3049 1041 3108 est:
1065 3043 1247 3126 intorques
1267 3064 1347 3107 con-

316 3132 426 3214 lapsus
454 3133 664 3218 extinguitur.
709 3133 870 3199 Maestum
899 3154 1009 3218 regem
1037 3132 1119 3197 alius
1147 3131 1235 3196 haud
1261 3131 1346 3198 levis

318 3278 533 3285 ——.——

390 3367 404 3414 1
425 3362 617 3434 opperirique]
637 3363 822 3432 oppeteriquc
836 3369 865 3430 P,
883 3361 1044 3431 aperirique
1059 3368 1089 3415 V.
1164 3367 1179 3414 2
1199 3361 1346 3416 Minervae

318 3431 461 3487 Victoriae
485 3433 597 3505 Stangl:
626 3434 769 3488 minemae
796 3434 950 3488 auictoriae
974 3440 1042 3488 Pm.
1057 3452 1113 3503 pr„
1141 3433 1286 3486 mineruae
1311 3450 1345 3487 ac

317 3504 455 3557 uictoriae
473 3512 498 3558 0.
595 3511 611 3558 3
632 3505 786 3559 Sisimithri
805 3508 915 3575 scripsi:
940 3505 1095 3559 sisimethri
1115 3512 1145 3573 0,
1164 3504 1297 3572 simythri
1316 3512 1345 3559 P.

318 3581 335 3627 4
353 3575 527 3648 provinciae]
551 3577 711 3645 prouintiae
730 3583 810 3632 BFP.
921 3577 1090 3648 amicitiam]
1114 3576 1267 3630 amititiam
1287 3582 1343 3631 Π.

318 3653 334 3700 3
354 3646 537 3720 militaturos]
552 3648 711 3703 militauros
726 3654 754 3703 Ἑ.
807 3655 840 3703 12
850 3649 998 3720 pudorem]
1013 3650 1120 3718 pudore
1134 3655 1162 3701 P.
1215 3653 1248 3701 13
1263 3648 1345 3716 Lysi-

252 3781 254 3786 ,
317 3719 424 3790 machi]
443 3719 585 3774 lisimachi
604 3726 629 3774 0.
700 3725 733 3773 19
753 3721 934 3792 Lysimacho]
953 3720 1110 3789 lisymacho
1129 3724 1159 3788 B,
1177 3719 1344 3787 lysumacho

318 3795 386 3845 Lm.
400 3809 443 3859 pr.
459 3797 489 3845 V.
602 3798 635 3845 23
655 3792 748 3863 hoste]
770 3794 831 3846 oste
850 3798 880 3847 V.
990 3798 1024 3846 26
1043 3792 1188 3863 membris]
1207 3790 1296 3844 inbris
1316 3799 1344 3845 1..

319 3868 352 3915 27
373 3862 477 3934 stipiti]
497 3863 596 3935 stipati
615 3870 684 3917 rm.
695 3881 740 3933 pr.
756 3870 776 3915 P
789 3882 825 3917 m.
838 3881 881 3933 pr.
