3150 4459
459 446 713 502 HISTORIARUM
732 448 948 501 ALEXANDRI
965 448 1026 515 IIII,
1047 455 1088 502 12.
1240 450 1282 513 85

257 617 342 694 0101,
365 612 495 677 invasit:
520 612 641 697 quippe
658 612 818 697 lymphati
839 612 998 697 trepidare
1018 618 1193 697 coeperunt
1217 636 1283 679 om-

257 702 352 767 nium
376 705 507 785 pectora
530 703 657 767 occulto
686 704 775 766 metu
799 706 1014 786 percurrente.
1063 702 1149 767 Caeli
1174 704 1283 790 fulgor

258 795 407 876 tempore
430 792 552 857 aestivo
577 792 701 856 ardenti
728 791 844 856 similis
868 792 1059 857 internitens
1085 793 1170 878 ignis
1194 814 1283 876 prae-

261 880 334 946 buit
363 882 515 965 speciem,
542 882 753 965 flammasque
781 904 821 946 ex
849 881 946 945 Darei
975 882 1087 947 castris
1116 883 1283 966 splendere

229 972 351 1040 ovelut
378 970 471 1035 inlati
501 975 620 1035 temere
648 971 816 1054 praesidiis
841 971 1021 1035 eredebant.
1069 970 1191 1048 Quodsi
1214 994 1283 1056 per·
1303 988 1336 1036 15

261 1060 361 1125 enisis
383 1060 546 1142 Mazaeus,
575 1060 631 1143 qui
655 1060 859 1143 praesidebat
886 1060 1008 1142 itineri,
1037 1062 1283 1145 supervenisset,

260 1150 376 1235 ingens
401 1149 506 1214 clades
530 1149 633 1233 accipi
656 1148 776 1234 potuit:
805 1171 900 1233 nune,
929 1151 1005 1214 dum
1034 1147 1089 1214 ille
1113 1150 1221 1236 segnis
1249 1152 1283 1215 in

259 1261 314 1320 00,
344 1259 440 1322 quem
471 1242 695 1323 occupaverat,
723 1241 852 1315 tumulo
883 1240 985 1322 sedet,
1015 1244 1186 1305 contentus
1216 1262 1282 1304 non

259 1327 385 1409 lacessi,
407 1326 590 1393 Alexander
613 1331 743 1413 cognito
763 1351 883 1413 pavore
902 1329 1060 1395 exercitus
1084 1329 1223 1415 signum,
1246 1335 1336 1394 11110

216 1448 246 1487 10
261 1417 484 1500 consisterent,
508 1418 586 1501 dari,
609 1422 683 1483 ante
706 1417 795 1502 ipsos
819 1441 906 1483 arma
931 1419 1089 1503 deponere
1117 1441 1154 1483 ac
1177 1420 1283 1483 levare

260 1529 398 1591 corpora
430 1508 528 1591 iubet,
562 1508 737 1572 admonens
767 1508 890 1572 nullam
922 1508 1023 1572 subiti
1055 1529 1183 1573 eausam
1215 1530 1283 1573 esse

259 1596 403 1681 terroris,
426 1597 554 1661 hostem
584 1597 699 1680 procul
727 1600 820 1662 stare.
867 1597 1010 1662 Tandem
1038 1601 1205 1682 compotes
1233 1598 1335 1663 011111

258 1686 382 1771 pariter
409 1709 498 1751 arma
526 1689 559 1749 01
587 1687 712 1751 animos
740 1709 898 1771 recepere.
945 1687 1014 1751 Nee
1042 1687 1216 1771 quiequam
1244 1711 1283 1752 ex

259 1776 487 1860 praesentibus
505 1775 609 1839 tutius
628 1775 734 1840 visum
758 1779 807 1841 est
831 1798 927 1860 quam
947 1777 1060 1842 eodem
1083 1779 1155 1842 loco
1178 1782 1283 1843 castra

219 1893 244 1934 re
259 1865 396 1931 munire.
442 1864 578 1930 Postero
599 1865 650 1929 die
663 1865 812 1930 Mazaeus
834 1903 875 1912 —
896 1888 968 1930 cnm
984 1866 1116 1932 delectis
1136 1867 1282 1951 equitum
1303 1884 1335 1933 18

259 1956 295 2020 in
327 1955 414 2020 edito
452 1953 548 2037 colle,
584 1976 624 2018 ex
661 1976 725 2038 quo
758 1954 971 2019 Macedonum
1004 1956 1284 2039 prospiciebantur

259 2048 375 2128 castra,
405 2044 594 2109 consederat
624 2082 666 2089 —
697 2044 764 2107 sive
795 2049 883 2109 metu
912 2045 988 2128 sive,
1019 2047 1095 2128 quia
1124 2046 1283 2129 speculari

258 2134 357 2199 modo
371 2135 479 2198 iussus
495 2137 571 2218 erat,
586 2134 627 2197 ad
641 2133 782 2198 Dareum
798 2134 903 2199 rediit.
940 2134 1132 2201 Macedones
1148 2159 1221 2200 eum
1236 2135 1282 2220 ip·
1304 2153 1335 2200 19

259 2246 332 2287 sum
363 2224 489 2305 collem,
520 2246 616 2307 quem
640 2224 837 2307 deseruerat,
871 2228 1122 2308 occupaverunt:
1152 2248 1226 2291 nam
1252 2229 1284 2289 et

219 2314 365 2381 astutior
394 2314 530 2397 planitie
561 2316 638 2393 erat,
669 2316 701 2377 01
731 2313 806 2378 inde
837 2315 921 2378 acies
951 2313 1106 2392 hostium,
1137 2336 1218 2397 quae
1249 2315 1283 2379 in

259 2425 376 2487 eampo
391 2402 623 2486 explicabatur,
639 2403 781 2487 conspici
796 2407 931 2487 poteret.
978 2402 1042 2468 Sed
1057 2404 1170 2489 calig0,
1186 2427 1282 2488 quam
1302 2422 1336 2469 20

259 2493 347 2558 circa
368 2492 496 2557 humidi
519 2492 698 2556 effuderant
720 2497 857 2578 montes,
885 2492 1054 2557 universae
1079 2493 1208 2577 quidem
1236 2494 1283 2557 rei

259 2583 378 2647 faciem
400 2602 467 2645 non
490 2581 638 2664 abstulit,
670 2586 812 2647 0010111111
836 2584 1004 2669 agminum
1028 2583 1213 2648 discrimina
1236 2588 1283 2646 01-

260 2694 324 2757 que
354 2670 501 2735 ordinem
530 2671 700 2756 prohibuit
733 2672 881 2756 perspici.
942 2670 1119 2737 Multitudo
1151 2671 1283 2737 inunda-

219 2790 245 2830 as
260 2764 353 2826 verat
383 2782 526 2844 campos,
558 2761 770 2844 fremitusque
802 2765 852 2826 tot
881 2762 1009 2826 milium
1040 2762 1138 2825 etiam
1168 2762 1283 2844 procul

260 2850 418 2916 stantium
454 2872 548 2914 aures
578 2850 765 2934 inpleverat.
819 2850 986 2917 Fluctuari
1016 2851 1124 2915 animo
1159 2873 1216 2914 rex
1251 2855 1334 2915 0121

260 2939 358 3005 modo
383 2961 490 3024 suum,
518 2939 614 3004 modo
639 2939 862 3006 Parmenionis
892 2940 1063 3005 eonsilium
1093 2963 1163 3005 0010
1191 2941 1282 3005 00011-

260 3030 404 3094 matione
427 3029 636 3113 perpendere:
662 3030 781 3114 quippe
806 3054 843 3096 eo
868 3033 1000 3094 ventum
1024 3033 1102 3114 0101,
1129 3029 1214 3094 unde
1237 3053 1282 3094 re·

334 3285 348 3331 1
369 3275 522 3349 lymphati]
541 3276 655 3346 lymlati
673 3282 753 3330 221.
847 3282 862 3330 3
881 3277 1062 3348 internitens]
1084 3277 1233 3333 internites
1252 3283 1282 3332 V.

260 3357 276 3405 6
295 3349 428 3404 Mazaeus
443 3350 547 3406 Aldus:
566 3365 678 3403 mazeus
692 3353 723 3401 Δ.
781 3354 796 3401 7
816 3348 911 3403 clades
929 3355 955 3402 1:
975 3348 1109 3403 010111οΔ.
1166 3354 1181 3403 8
1202 3366 1283 3403 occu-

259 3423 385 3491 paverat,
404 3420 526 3493 1111111110]
551 3422 758 3490 occupaueratu
777 3421 855 3474 mulo
874 3426 901 3475 P.
1013 3425 1045 3473 10
1064 3420 1153 3492 ipsos]
1173 3422 1235 3489 ipso
1254 3426 1283 3475 B.

261 3501 293 3548 12
318 3493 441 3564 hostem]
468 3495 558 3547 ostem
581 3499 601 3545 P
621 3511 656 3548 m.
673 3510 719 3561 pr.
831 3498 864 3545 13
889 3508 1020 3561 recepere
1046 3497 1071 3545 1:
1102 3493 1226 3562 recipere
1252 3498 1283 3547 Δ.

260 3572 295 3619 16
314 3565 445 3619 Mazaeus
464 3566 568 3620 Aldus:
591 3580 704 3618 mazeus
723 3569 753 3618 Α.
834 3569 866 3617 16
885 3563 1284 3689 01000101010111111Ᾱ111100010-

259 3638 364 3692 bantur
382 3643 411 3690 Ε.
521 3642 555 3689 20
574 3635 707 3707 planitie]
733 3634 856 3705 planicie
875 3641 903 3689 L.
990 3642 1023 3690 22
1048 3635 1127 3689 humi
1150 3636 1170 3708 ‘]
1193 3636 1283 3690 umidi

258 3714 366 3763 BLPV.
453 3707 599 3762 universae
616 3708 731 3778 quidem
746 3708 905 3776 Zumptius:
924 3706 1087 3761 uniuersam
1107 3708 1238 3777 equidem
1252 3713 1282 3761 Δ.

260 3787 293 3836 26
309 3779 459 3851 stantium]
479 3780 653 3834 adstantium
672 3786 700 3832 Ε.
773 3778 931 3851 Fluctuari]
955 3778 1069 3833 flutuari
1088 3785 1115 3832 Ρ.
1190 3780 1230 3851 01]
1250 3795 1283 3833 ex

258 3860 328 3907 Pm.
338 3870 385 3922 pr.
460 3857 494 3905 21
513 3852 597 3906 modo
617 3852 710 3923 sunm]
729 3851 846 3905 modum
865 3868 948 3905 suum
966 3856 998 3906 V.
