3150 4459
309 457 374 520 268
687 454 718 519 Q.
738 454 848 509 OURTI
866 453 952 507 RUFI

256 634 290 684 aa
310 620 374 682 duo
398 618 564 682 extribus
588 618 665 682 filiis
685 640 791 683 secum
818 618 1003 700 militarent,
1027 616 1143 701 exegit.
1183 615 1343 701 Satrapes

311 708 407 772 etiam
431 730 483 792 ec,
506 708 561 791 qui
585 730 683 791 penes
707 709 815 792 ipsum
839 706 1095 789 relinquebatur,
1118 705 1246 771 tradito
1273 707 1343 772 bar-

309 797 388 861 bara
415 796 581 881 opulentia
609 798 808 881 convivium,
841 818 905 879 quo
929 818 1037 881 regem
1061 795 1262 878 accipiebat,
1297 795 1344 860 in·

257 905 290 952 13
311 891 484 951 struxerat:
503 886 536 950 id
551 909 625 951 cum
643 886 748 951 multa
761 887 913 951 comitate
929 885 1150 968 celebraretur,
1170 884 1344 950 introduci

310 994 384 1040 xxx
418 976 542 1040 nobiles
580 976 723 1060 virgines
759 976 863 1039 iussit.
915 973 1006 1039 Inter
1042 995 1121 1057 quas
1159 978 1233 1038 erat
1272 976 1379 1043 filiai

311 1065 421 1149 ipsius,
440 1065 573 1130 Roxane
591 1066 731 1147 nomine,
751 1065 868 1129 eximia
882 1064 1027 1147 corporis
1047 1063 1153 1147 specie
1168 1067 1201 1128 11
1222 1064 1345 1129 decore

257 1155 440 1219 1411111111
464 1155 499 1219 111
521 1154 667 1218 barbaris
690 1177 772 1219 raro.
815 1153 904 1231 Quae
927 1174 1122 1236 quamquam
1146 1152 1235 1217 inter
1261 1156 1345 1219 elec-

309 1248 360 1308 tas
383 1249 592 1327 processerat,
615 1244 760 1308 omnium
784 1247 893 1307 tamen
917 1244 1028 1307 oculos
1052 1242 1213 1306 convertit
1240 1243 1277 1306 in
1300 1265 1346 1325 se,

311 1334 450 1397 maxime
472 1332 558 1419 regis
581 1334 688 1396 minus
714 1333 777 1398 iam
802 1331 1035 1416 cupiditatibus
1059 1332 1125 1395 suis
1144 1332 1346 1415 imperantis

311 1423 395 1486 inter
418 1421 574 1505 obsequia
596 1423 758 1503 fortunae,
793 1425 905 1486 contra
928 1442 1026 1505 quam
1048 1442 1114 1485 non
1139 1420 1218 1485 satis
1245 1426 1347 1487 cauta
1360 1452 1383 1492 10

257 1528 292 1577 25
310 1512 491 1576 mortalitas
510 1516 567 1576 est.
604 1509 719 1595 Itaque
737 1513 802 1595 ille,
826 1511 882 1594 qui
901 1532 1035 1575 uxorem
1050 1510 1156 1593 Darei,
1181 1510 1241 1592 qui
1260 1511 1346 1577 duas

311 1600 395 1665 filias
423 1600 579 1686 virgines,
613 1602 730 1683 quibus
760 1602 866 1665 forma
888 1604 1016 1683 praeter
1038 1598 1195 1664 Roxanen
1220 1621 1347 1685 conpa-

311 1690 376 1754 rari
408 1693 498 1754 nulla
528 1694 692 1773 potuerat,
724 1689 812 1754 haud
844 1690 908 1754 alio
939 1688 1047 1753 animo
1071 1711 1168 1773 quam
1192 1691 1347 1771 parentis

312 1783 489 1863 aspexerat,
512 1783 589 1843 tunc
612 1780 647 1843 in
666 1800 807 1843 amorem
826 1779 1044 1863 virgunculae,
1068 1778 1096 1842 si
1114 1777 1222 1863 regiae
1244 1779 1347 1864 stirpi

312 1872 555 1952 conpararetur,
586 1867 740 1954 ignobilis
769 1869 815 1932 ita
843 1868 964 1931 effusus
992 1871 1055 1951 est,
1087 1871 1124 1932 ut
1152 1866 1278 1932 diceret
1302 1870 1347 1934 ad
1361 1899 1383 1939 15

313 1958 542 2022 stabiliendum
573 1980 710 2043 regnum
743 1958 904 2043 pertinere
935 1956 1051 2021 Persas
1084 1961 1116 2020 et
1142 1955 1346 2023 Macedones

313 2048 451 2111 conubio
485 2047 590 2133 iungi:
623 2047 685 2111 hoc
717 2069 781 2111 uno
814 2046 912 2111 modo
940 2050 973 2109 et
1000 2046 1155 2130 pudorem
1184 2046 1285 2110 111111
1312 2053 1348 2112 11

259 2154 293 2200 ac
313 2136 498 2220 superbiam
520 2136 699 2200 victoribus
723 2136 849 2200 detrahi
873 2157 976 2220 posse.
1014 2133 1175 2199 Achillem
1198 2157 1346 2220 quoque,

313 2247 419 2309 aquo
450 2247 551 2311 genus
584 2226 653 2309 ipse
686 2226 870 2308 deduceret,
903 2246 975 2288 cum
1006 2226 1133 2309 captiva
1157 2224 1276 2289 coisse:
1300 2248 1345 2289 ne

313 2314 425 2379 inferri
458 2314 548 2378 nefas
581 2315 778 2379 arbitrentur
810 2315 905 2397 victi,
937 2313 1139 2377 matrimonii
1163 2313 1232 2377 iure
1256 2318 1346 2379 velle
1360 2346 1384 2385 20

259 2420 293 2468 11
313 2404 413 2490 iungi.
459 2403 642 2487 Insperato,
654 2405 773 2489 gaudio
802 2403 906 2468 elatus
934 2407 1027 2487 pater
1055 2425 1235 2468 sermonem
1271 2403 1344 2469 eius

313 2494 445 2577 exeipit,
478 2497 510 2557 et
538 2516 594 2557 rex
622 2495 656 2557 in
689 2494 795 2557 medio
820 2492 1006 2576 cupiditatis
1031 2492 1143 2557 ardore
1166 2492 1266 2556 iussit
1289 2493 1346 2556 ad-

313 2583 390 2647 ferri
413 2584 519 2667 patrio
544 2604 633 2646 more
656 2606 772 2666 panem
797 2620 838 2628 —
863 2581 925 2646 hoc
949 2586 1018 2646 erat
1041 2583 1126 2665 apud
1145 2580 1345 2647 Macedonas

314 2672 552 2737 sanctissimum
567 2672 752 2737 coeuntium
766 2671 885 2757 pignus
895 2709 948 2753 —,
963 2693 1059 2754 quem
1075 2670 1213 2734 divisum
1228 2671 1346 2756 gladio

260 2794 294 2843 28
313 2765 449 2844 uterque
477 2761 609 2825 libabat.
656 2760 757 2825 Credo
790 2782 859 2843 eos,
892 2762 948 2844 qui
971 2760 1078 2846 gentis
1102 2781 1207 2825 mores
1231 2761 1345 2825 condi·
1361 2792 1386 2832 2⁶

314 2851 438 2935 derunt,
462 2873 560 2935 parco
584 2855 617 2915 et
639 2850 778 2935 parabili
801 2851 889 2915 victu
914 2850 1082 2914 ostendere
1105 2850 1247 2914 voluisse
1271 2851 1345 2914 iun-

260 2973 294 3021 29
314 2940 467 3026 gentibus
492 2962 584 3024 opes,
617 2942 772 3024 quantulo
798 2941 942 3004 contenti
966 2960 1034 3003 esse
1059 2939 1220 3003 deberent.
1268 2938 1346 3005 Hoc

314 3031 410 3094 modo
439 3053 495 3094 rex
520 3028 616 3094 Asiae
639 3033 677 3093 vet
699 3030 850 3114 Europae
880 3028 1099 3092 introductam
1122 3028 1208 3093 iuter
1232 3029 1346 3093 convi-

314 3119 402 3185 vales
426 3119 519 3184 ludos
544 3118 752 3183 matrimonio
779 3118 843 3182 sibi
867 3118 1016 3182 adiunxit
1039 3140 1078 3181 ex
1102 3117 1229 3201 captiva
1253 3119 1346 3203 geni-

388 3284 403 3329 2
428 3279 473 3349 eo]
499 3294 564 3330 eum
583 3284 608 3331 c.
718 3277 767 3346 qui
790 3277 890 3347 penes]
916 3275 1073 3344 quippenes
1100 3281 1173 3329 rm.
1192 3292 1245 3343 pr,
1273 3275 1343 3344 qui*

315 3365 402 3418 penes
421 3356 449 3402 P.
522 3348 629 3402 tradito
650 3350 777 3403 Medius:
798 3347 888 3401 tradit
907 3355 938 3416 c,
957 3347 1033 3400 tradi
1051 3352 1080 3400 P.
1149 3353 1165 3399 4
1185 3345 1345 3402 celebrare·

318 3424 365 3474 tur
387 3422 478 3490 Vopel:
498 3420 653 3474 celebraret
666 3425 697 3473 A.
753 3426 769 3473 6
788 3419 915 3490 Roxane]
929 3435 1051 3472 roaxene
1065 3425 1090 3472 0.
1149 3423 1181 3471 13
1195 3420 1344 3491 potuerat]

315 3494 428 3562 poterat
441 3497 470 3545 B.
527 3498 560 3546 14
579 3509 702 3545 amorem
716 3498 749 3545 P:
769 3507 863 3545 amore
878 3498 903 3544 0.
961 3496 993 3544 15
1010 3491 1254 3558 conparareturl':
1276 3507 1345 3545 con-

314 3566 474 3633 pareturc.
563 3570 595 3618 16
615 3564 768 3635 pertinere]
789 3568 1050 3632 perueneram.
1139 3567 1170 3614 17
1191 3560 1344 3634 pudorem]

315 3636 422 3706 pudore
441 3641 469 3689 Ρ.
561 3640 595 3688 20
614 3635 682 3688 victi
704 3637 815 3703 scripsi:
842 3634 884 3688 ita
907 3638 937 3687 Δ.
1030 3632 1121 3686 elatus
1146 3633 1343 3690 Ebauaruue:

315 3708 408 3761 laetus
422 3712 453 3759 Δ.
510 3713 544 3761 28
563 3707 733 3760 Macedonas
747 3713 780 3759 P:
800 3706 968 3760 macedones
983 3712 1008 3758 c.
1065 3710 1099 3757 24
1119 3704 1344 3777 sanctissimum]

316 3779 508 3832 cautissimum
527 3784 554 3830 Ρ.
621 3777 775 3849 11011111]
797 3777 918 3831 credie.
986 3776 1344 3847 28Eu1·0pae]eropaer

316 3869 351 3906 m.
361 3868 407 3920 pr.
482 3856 515 3904 29
536 3849 677 3921 adiunxit]
697 3850 845 3903 adiuncxit
859 3854 890 3903 V.
961 3865 995 3902 ex
1014 3848 1262 3913 Κ11111111111Ρ,
1283 3855 1343 3903 10.
