3150 4459
461 434 543 489 HIST
550 435 720 490 ORIARUM
737 436 952 490 ALEXANDRJ
970 436 1029 503 VII,
1050 443 1074 490 2.
1216 438 1287 503 207

244 601 278 663 in
302 600 368 663 acie
392 603 478 663 stare
502 600 626 664 solitus.
663 599 708 663 Et
731 622 927 685 quamquam
952 600 1322 667 conscientiafretus1a

244 691 277 751 in
306 690 429 773 regiam
460 692 604 772 venerat,
637 693 758 772 tamen,
791 693 827 753 ut
850 689 958 754 iussus
982 693 1031 753 est
1053 690 1170 754 fratres
1194 712 1269 755 suos

245 777 395 841 exhibere
419 778 592 842 admodum
611 780 743 845 iuvenes
767 783 800 843 et
823 781 893 864 regi
911 778 1042 864 ignotos
1062 779 1104 843 ob
1123 782 1270 865 aetatem,
1297 831 1300 838 ,

244 867 363 931 fiducia
380 868 414 931 in
434 867 687 933 sollicitudinem
705 890 798 932 versa
815 868 977 951 trepidare
994 869 1109 952 coepit,
1133 870 1270 954 saepiuS,

217 979 327 1039 aquae
350 978 465 1021 nocere
488 961 630 1042 possent,
655 980 760 1041 quam,
789 957 907 1040 quibus
931 957 1083 1041 eluderet,
1106 962 1268 1041 reputans.

244 1044 311 1109 Iam
333 1045 492 1131 armigeri,
516 1046 634 1130 quibus
653 1046 848 1130 imperatum
867 1051 946 1130 erat,
968 1046 1187 1129 produxerant
1206 1068 1270 1132 eoa,
1290 1065 1323 1113 13

245 1157 318 1200 cum
352 1157 531 1221 exanguem
563 1139 652 1200 metu
684 1135 920 1220 Polydamanta
952 1136 1086 1219 propius
1119 1136 1269 1201 accedere

245 1224 335 1287 iubet
367 1226 600 1309 summotisque
633 1224 796 1289 omnibus:
831 1223 992 1306 ‘Scelere’,
1027 1225 1150 1309 inquit,
1184 1224 1269 1289 ‘Par-

244 1313 403 1377 menionis
437 1336 548 1378 omnes
579 1314 701 1398 pariter
728 1314 866 1398 adpetiti
888 1335 1014 1397 sumna,
1046 1316 1185 1379 maxime
1209 1336 1268 1401 ego

204 1436 229 1473 10
244 1425 281 1467 ac
304 1407 350 1485 tu,
374 1424 455 1485 quos
479 1404 641 1468 amicitiae
667 1405 773 1488 specie
796 1403 922 1467 fefellit.
969 1402 1021 1465 Ad
1045 1426 1138 1487 quem
1163 1422 1323 1488 perse-14

244 1492 405 1575 quendum
438 1493 700 1576 puniendumque
725 1530 767 1539 —
791 1492 878 1576 vide,
910 1495 1068 1577 quantum
1096 1492 1172 1557 fidei
1195 1496 1269 1557 tuae

245 1581 371 1645 credam
401 1619 442 1627 -
472 1585 504 1647 te
529 1582 680 1646 ministro
703 1584 752 1646 uti
777 1582 885 1646 statui.
933 1580 1083 1665 Obsides,
1106 1582 1183 1646 dum
1206 1580 1270 1647 hoc

245 1672 386 1755 peragis,
419 1676 514 1735 erunt
540 1671 656 1736 fratres
679 1672 737 1734 tui.
783 1670 992 1736 Proficiscere
1015 1671 1050 1734 in
1072 1670 1213 1735 Mediam
1237 1675 1270 1735 et
1290 1689 1323 1738 15

245 1760 285 1822 ad
315 1761 495 1845 praefectos
519 1782 607 1825 meos
630 1760 756 1825 litteras
780 1760 917 1843 scriptas
940 1782 1037 1824 manu
1061 1782 1133 1823 mea
1155 1761 1269 1844 perfer.

205 1881 230 1919 15
245 1848 426 1913 Velocitate
451 1871 532 1934 opus
556 1852 618 1930 est,
652 1871 716 1932 qua
739 1849 937 1913 celeritatem
957 1851 1067 1931 famae
1089 1850 1270 1914 antecedas.

245 1938 354 2002 Noctu
373 1939 540 2021 pervenire
560 1938 638 2003 illuc
657 1943 690 2002 te
708 1938 794 2023 volo,
816 1941 947 2021 postero
967 1939 1027 2022 die,
1047 1960 1129 2022 quae
1149 1938 1270 2023 scripta

245 2031 350 2110 erunt,
373 2028 497 2110 exequi.
534 2026 586 2091 Ad
608 2026 824 2091 Parmeniona
847 2049 975 2111 quoque
999 2027 1154 2111 epistulas
1177 2027 1270 2112 feres,
1290 2047 1323 2095 16

245 2139 343 2181 unam
372 2140 391 2180 a
416 2139 480 2199 me,
512 2117 647 2181 alteram
675 2116 824 2181 Philotae
851 2116 983 2182 nomine
1014 2118 1175 2200 scriptam.
1223 2115 1270 2181 Si-

246 2229 346 2292 gnum
370 2204 459 2270 anuli
478 2208 545 2270 eius
569 2208 604 2270 in
622 2228 694 2269 mea
710 2209 872 2290 potestate
891 2210 947 2271 est.
995 2206 1030 2271 Si
1053 2210 1146 2290 pater
1169 2206 1270 2270 credit

212 2306 264 2359 Sa
287 2296 355 2358 filio
380 2296 575 2379 inpressum,
603 2316 675 2359 cum
698 2300 731 2360 te
753 2296 885 2379 viderit,
912 2295 995 2360 nihil
1018 2295 1162 2360 metuet?
1209 2294 1322 2361 Po·1'1

205 2386 391 2468 21lydamas
423 2387 515 2450 tanto
545 2384 701 2449 liberatus
724 2389 814 2450 metu
836 2385 1003 2468 inpensius
1027 2385 1139 2468 etiam,
1171 2407 1268 2468 quam

246 2474 449 2559 exigebatur,
481 2474 643 2557 promittit
676 2496 807 2559 operam
841 2475 1116 2557 conlaudatusque
1142 2478 1175 2537 et
1197 2497 1269 2557 pro·

246 2564 353 2627 missis
378 2567 529 2627 oneratus
554 2563 700 2648 deposita
722 2567 820 2647 veste,
844 2586 941 2647 quam
960 2563 1108 2646 habebat,
1131 2561 1271 2627 Arabica

246 2654 399 2717 induitur.
446 2651 519 2716 Duo
543 2651 681 2736 Arabes,
715 2674 855 2735 quorum
887 2654 1018 2717 interim
1050 2652 1204 2738 coniuges
1232 2674 1270 2715 ac
1289 2670 1324 2718 18

319 2836 332 2880 1
354 2828 466 2891 solitus]
482 2828 584 2881 solitus
594 2833 680 2893 HV,
696 2827 804 2881 solutus
817 2833 844 2879 P.
900 2826 1084 2897 conscientia]
1099 2826 1270 2880 constientia

246 2907 298 2952 PL.
363 2899 540 2969 3exhibere]
560 2899 671 2952 exibere
691 2903 759 2952 Bm.
770 2916 817 2967 pr.
832 2904 887 2951 LV.
953 2898 1104 2968 4fiduoia]
1124 2897 1225 2950 fidutia
1239 2903 1269 2962 P,

246 2972 376 3025 fidutiam
394 2977 425 3024 V.
523 2970 756 3040 sollicitudinem]
775 2968 958 3035 solitudinem
977 2974 1005 3023 P.
1094 2969 1269 3041 deluderet]

246 3043 408 3097 eluderetur
427 3050 451 3095 c.
552 3040 674 3110 linctu]
694 3043 772 3094 matii
791 3046 818 3093 P.
921 3039 1139 3111 Polydamanta]
1158 3040 1269 3109 polida-

246 3117 344 3166 manta
370 3120 395 3166 0.
487 3119 503 3166 8
527 3112 632 3183 inquit]
658 3112 759 3180 inquid
785 3117 814 3164 F.
909 3111 1115 3194 Parmenionis]
1140 3128 1269 3180 parmot-

247 3185 338 3240 nionis
357 3191 387 3250 B,
406 3183 566 3253 parmoenis
584 3189 612 3238 P.
687 3189 720 3236 10
739 3183 823 3253 quos]
843 3200 898 3250 quo
916 3188 944 3237 P.
1005 3182 1179 3254 amicitiae]
1199 3183 1269 3236 ami-

246 3258 328 3311 titiae
342 3262 371 3309 P.
441 3256 545 3326 specie]
565 3254 656 3323 apetie
670 3259 698 3307 P.
766 3254 825 3326 Ad]
844 3256 874 3307 at
887 3259 915 3307 P.
988 3260 1020 3307 11
1041 3254 1104 3307 vide
1118 3255 1269 3326 quantum]

246 3329 313 3382 uide
332 3331 487 3395 quamtum
506 3333 534 3392 L,
554 3327 589 3379 de
608 3328 763 3393 quantrum
781 3331 810 3378 P.
893 3331 924 3378 12
943 3324 999 3397 uti]
1017 3327 1051 3379 ut
1068 3332 1096 3379 P.
1134 3358 1136 3363 ·
1159 3332 1191 3378 13
1210 3326 1269 3380 Me-

247 3401 336 3470 diam]
355 3399 449 3451 media
467 3403 498 3450 V.
578 3404 610 3450 15
629 3399 740 3464 famae
759 3398 824 3451 add.
846 3396 1017 3452 Vindenates.
1095 3402 1128 3449 16
1142 3398 1269 3469 postero]

246 3474 360 3540 postera
378 3476 407 3523 P.
466 3469 583 3539 scripta]
602 3468 707 3537 scripto
725 3474 753 3521 P.
820 3473 852 3521 17
873 3468 966 3539 erunt]
986 3471 1066 3521 erant
1083 3472 1104 3519 B
1123 3487 1157 3523 ra.
1168 3487 1214 3538 pr.
1245 3510 1246 3513 ,

245 3542 444 3612 Parmeniona]
462 3541 664 3609 parmoeniona
678 3544 731 3592 BP.
811 3545 844 3592 18
864 3557 881 3591 a
899 3540 957 3610 me]
976 3539 1072 3593 adme
1087 3545 1115 3592 P.
1201 3539 1269 3593 Phi-

246 3616 333 3685 lotae]
352 3613 489 3682 phylotae
507 3616 589 3665 BLV.
649 3616 681 3664 19
702 3610 744 3681 Si]
763 3611 804 3664 sic
824 3618 840 3663 c
861 3612 903 3682 [ia
919 3617 942 3662 P
962 3628 977 3664 c
995 3630 1014 3665 a
1032 3628 1100 3665 corr.
1115 3612 1269 3681 superam]

247 3692 280 3740 20
301 3683 653 3808 Polydamas]polidamas
668 3690 692 3735 c.
759 3687 793 3735 23
813 3682 957 3764 oneratus]
971 3682 1125 3737 honeratus
1139 3688 1168 3750 P,
1185 3698 1269 3737 aone-

246 3761 323 3811 ratus
343 3763 372 3809 V.
490 3754 606 3826 abebat]
626 3753 730 3808 abebat
748 3760 777 3808 1..
864 3754 998 3826 Arabrca]
1017 3753 1115 3808 arabia
1133 3758 1154 3805 B
1169 3772 1202 3807 ra.
1213 3771 1271 3823 pa,

246 3829 359 3881 arabico
378 3835 406 3881 P.
481 3832 515 3879 24
533 3826 596 3880 Duo
615 3829 723 3880 Laeter:
744 3826 798 3879 duc
817 3831 846 3892 P,
866 3825 923 3878 dux
941 3831 967 3879 (t.
1129 3865 1130 3869 ,
1179 3864 1198 3871 ,.
