3150 4459
292 458 334 522 58
672 458 703 524 Q.
724 458 833 512 CURTl
852 459 937 513 RUFI

295 623 387 708 regni
411 622 470 700 sui,
495 622 686 687 veniendum
706 623 739 686 in
759 643 899 707 campos,
923 622 980 686 ubi
998 623 1161 707 paucitate
1181 630 1313 689 suorum

258 712 547 777 cerubescendum
570 714 626 795 sit,
654 712 688 776 in
711 712 861 796 Mediam,
883 711 1093 796 Hyrcaniam,
1122 712 1254 779 Bactra:
1284 718 1315 778 et

293 800 401 883 Indos,
428 799 547 867 Oceani
572 801 706 885 accolas,
730 801 859 884 quando
879 802 1051 886 aditurum,
1073 824 1113 866 ne
1132 801 1315 889 Sogdianos

294 894 327 954 et
354 890 552 955 Arachosios
579 892 744 955 nominem
773 894 959 975 ceterasque
987 895 1100 977 gentes
1129 891 1168 955 ad
1198 891 1314 957 Cauca-

295 1003 365 1044 sum
385 984 417 1043 et
431 978 556 1046 Tanain
574 981 795 1064 pertinentes?
841 979 1077 1045 Senescendum
1097 981 1167 1045 fore
1186 984 1314 1046 tantum
1341 1005 1351 1046 s

261 1074 453 1135 eterrarum
476 1069 528 1135 vel
552 1070 620 1133 sine
643 1069 767 1154 proelio
788 1070 930 1134 obeunti.
978 1070 1020 1135 Se
1043 1092 1118 1135 vero
1143 1070 1184 1134 ad
1207 1071 1316 1155 ipsum

297 1181 409 1223 vocare
428 1159 600 1223 desineret:
619 1180 758 1242 namque
776 1157 864 1223 illius
880 1160 978 1223 exitio
998 1182 1031 1224 se
1051 1181 1119 1224 esse
1134 1163 1315 1225 venturum.

261 1266 275 1313 7
296 1247 481 1311 Alexander
495 1249 544 1326 iis,
563 1248 618 1331 qui
634 1248 759 1313 litteras
774 1248 959 1330 attulerant,
978 1249 1153 1333 respondit,
1172 1248 1316 1314 Dareum

296 1337 359 1401 sibi
387 1337 492 1402 aliena
514 1340 703 1421 promittere
727 1342 772 1415 et,
802 1338 888 1422 quod
916 1342 1022 1403 totum
1046 1338 1205 1421 amiserit,
1233 1338 1316 1403 velle

294 1428 416 1511 partiri.
463 1426 545 1491 Doti
559 1427 621 1491 sibi
637 1428 706 1491 dari
720 1426 865 1510 Lydiam,
879 1426 984 1510 Ionas,
998 1426 1176 1510 Aeolidem,
1190 1427 1315 1493 Helles·
1330 1452 1353 1493 a

294 1517 389 1601 ponti
418 1539 522 1597 cram,
549 1517 704 1581 victoriae
733 1538 809 1581 suae
832 1518 982 1601 praemia.
1029 1516 1131 1603 Leges
1161 1521 1269 1582 autem
1298 1539 1316 1581 a

294 1605 472 1671 victoribus
504 1606 581 1689 dici,
611 1604 713 1689 accipi
744 1629 762 1669 a
791 1606 898 1671 victis:
933 1607 967 1670 in
997 1610 1071 1671 utro
1103 1611 1188 1672 statu
1220 1607 1316 1672 ambo

295 1699 411 1778 essent,
435 1695 463 1758 si
487 1694 575 1760 solus
599 1696 772 1782 ignoraret,
796 1718 892 1779 quam
917 1695 1058 1779 primum
1082 1696 1186 1760 Marte
1211 1695 1317 1761 decer·

258 1789 393 1850 sneret.
441 1783 562 1869 Seque,
590 1807 663 1850 cum
686 1786 838 1849 transiret
866 1808 966 1868 mare,
995 1807 1061 1862 non
1085 1784 1231 1851 Ciliciam
1261 1790 1317 1850 aut

294 1873 429 1958 Lydiam
454 1912 498 1920 -
521 1875 641 1959 quippe
660 1875 744 1938 tanti
767 1873 846 1938 belli
865 1874 1015 1960 exiguam
1039 1874 1123 1940 hanc
1142 1897 1212 1939 esse
1235 1897 1353 1940 mer-1⁵

294 1964 402 2028 cedem
439 2002 490 2047 —,
520 1963 577 2027 sed
602 1962 812 2047 Persepolim,
843 1967 940 2047 caput
967 1964 1059 2049 regni
1090 1965 1168 2050 eius,
1199 1964 1317 2029 Bactra

294 2052 409 2117 deinde
437 2057 470 2117 et
497 2052 664 2117 Ecbatana
692 2052 865 2138 ultimique
893 2051 1034 2118 Orientis
1063 2074 1151 2118 oram
1179 2054 1316 2138 imperio

294 2142 479 2206 destinasse.
533 2140 743 2227 Quocumque
776 2142 830 2206 ille
863 2143 974 2228 fugere
1003 2142 1177 2228 potuisset,
1209 2143 1316 2227 ipsum

294 2233 386 2313 sequi
409 2253 516 2315 posse:
547 2232 706 2296 desineret
729 2236 849 2295 terrere
873 2232 1070 2314 fluminibus,
1099 2254 1195 2315 quem
1220 2234 1317 2298 sciret

293 2322 396 2385 maria
419 2321 581 2387 transisse.
1331 2348 1355 2387 so

258 2429 274 2474 9
383 2410 490 2495 Reges
528 2410 657 2493 quidem
697 2410 776 2474 haec
813 2410 951 2474 invicem
988 2412 1190 2494 scripserant.
1253 2410 1317 2475 Sed
1332 2416 1366 2470 22

294 2498 414 2563 Rhodii
449 2500 562 2564 urbem
597 2522 689 2564 suam
721 2502 899 2583 portusque
932 2499 1089 2564 dedebant
1122 2498 1317 2565 Alexandro.

294 2587 353 2653 Ille
372 2588 531 2653 -Oiliciam
559 2587 685 2654 Socrati
715 2588 892 2652 tradiderat
920 2587 1050 2653 Philota
1078 2588 1203 2675 regioni
1232 2591 1318 2654 circa

294 2676 417 2761 'Pyrum
448 2679 535 2743 iusso
566 2677 756 2761 praesidere.
804 2675 940 2762 Syriam,
971 2700 1052 2762 quae
1083 2676 1178 2743 Goele
1209 2678 1316 2763 appel-

293 2768 389 2851 latur,
421 2766 650 2832 Andromacho
683 2766 853 2831 Parmenio
886 2767 1064 2832 tradiderat
1095 2768 1194 2851 bello,
1228 2767 1317 2852 duod
1331 2794 1355 2835 ss

243 2874 276 2922 10
296 2861 472 2942 supererat,
502 2857 724 2921 interfuturus.
771 2855 842 2919 Rex
869 2856 1110 2940 Hephaestione
1139 2857 1316 2922 Phoenices

367 3146 382 3192 2
393 3138 578 3211 Hyrcaniam]
587 3138 744 3192 hircaniam
755 3144 779 3192 c.
831 3139 946 3211 Bactra]
956 3140 1075 3193 bacthra
1084 3146 1111 3194 Ρ.
1164 3146 1179 3194 3
1190 3142 1316 3213 quando]

294 3211 388 3279 quado
408 3217 433 3265 c.
517 3210 686 3281 Sogdianos]
707 3209 855 3266 socdianos
876 3218 900 3265 0.
982 3212 1139 3283 5Tanain]
1158 3212 1267 3266 tanaim
1285 3219 1316 3281 V,

293 3282 406 3336 tanatin
420 3288 449 3349 F,
464 3282 582 3336 canaan
595 3289 624 3349 L,
638 3284 759 3336 tanatun
773 3288 838 3336 Bm.
851 3294 906 3352 pr.
952 3289 965 3336 7
987 3302 1015 3338 se
1031 3285 1103 3356 esse]
1119 3301 1153 3338 a*
1164 3300 1224 3337 esse
1234 3290 1262 3336 P.

294 3356 334 3425 et]
355 3371 387 3407 eo
402 3358 433 3407 V.
512 3360 546 3408 10
564 3354 684 3423 Lydiam
703 3355 807 3409 Aldus:
828 3354 927 3408 lidiam
946 3360 976 3409 Δ.
1061 3361 1093 3409 11
1115 3354 1316 3427 avictoribus]

295 3425 456 3480 auctoribus
476 3432 497 3477 F
515 3443 549 3479 m.
561 3443 606 3497 pr.
621 3432 641 3477 1,
660 3444 694 3480 m.
705 3444 751 3494 pr.
827 3432 860 3478 14
880 3425 970 3495 Seque
984 3427 1094 3495 relapsi:
1116 3445 1144 3481 se
1160 3444 1271 3496 quoque
1285 3433 1316 3481 Δ.

296 3502 329 3551 15
349 3497 479 3568 Lydiam]
501 3496 600 3550 lidiam
620 3505 645 3551 c.
726 3503 758 3550 16
778 3498 876 3569 caput]
897 3498 989 3567 capud
1008 3504 1035 3551 Ρ.
1112 3504 1145 3552 22
1166 3497 1271 3552 Rhodii
1290 3506 1317 3554 1:

203 3591 206 3595 “
294 3569 368 3622 rodii
382 3575 411 3634 Ρ,
425 3568 519 3622 hrodii
534 3574 551 3620 c
566 3568 688 3639 [horodii
699 3569 739 3639 11]
796 3570 949 3640 dedebant]
965 3569 1108 3623 debebant
1116 3575 1146 3623 V.
1203 3576 1236 3623 23
1251 3570 1318 3624 Phi-

294 3640 354 3693 lota
378 3641 555 3695 Ve’udeliaus:
584 3640 691 3694 filiatae
716 3645 746 3694 Δ.
858 3647 892 3693 24
921 3641 1093 3712 appellatur]
1122 3641 1264 3710 apellatur
1289 3649 1316 3695 Ρ.

295 3718 329 3765 25
345 3712 503 3783 Parmenio]
514 3711 678 3780 parmoenio
689 3719 713 3764 c.
765 3711 840 3766 bello
852 3713 979 3768 Medius:
991 3713 1027 3766 ab
1038 3712 1087 3767 illo
1098 3719 1128 3767 Δ.
1185 3719 1218 3767 26
1231 3714 1319 3768 inter·

295 3783 406 3838 futurus
424 3784 550 3839 Modica:
570 3784 625 3838 iter
643 3783 769 3837 facturus
785 3789 817 3837 A.
872 3783 1081 3853 Hephaestione
1098 3786 1213 3855 Osopus:
1234 3785 1317 3855 ephe—

289 3856 386 3907 stione
402 3861 432 3908 A.
507 3854 663 3910 Phoenices
682 3856 786 3910 Aldus:
805 3855 952 3924 phoenicis
972 3862 1002 3910 A.
