3150 4459
301 440 344 503 24
681 435 712 503 Q.
732 437 841 491 cunm
860 438 946 491 RUFI

246 603 503 685 assequebatur.
554 603 728 667 Invadebat
762 623 838 687 ergo
875 623 940 665 non
974 602 1143 667 mediocris
1176 602 1324 666 omnium

300 692 425 756 animos
443 692 583 757 formido
601 730 638 738 —
657 693 777 776 quippe
797 691 906 755 itineri
924 713 1018 773 qaam
1036 691 1160 774 proelio
1181 692 1324 775 aptiores

300 785 391 846 erant
413 820 467 863 —,
490 782 672 866 raptimque
702 804 790 844 arma
818 780 995 865 capiebant.
1043 779 1105 844 Sed
1135 781 1206 864 ipsa
1233 780 1325 845 festi-

299 871 388 934 natio
404 870 651 935 discurrentium
663 892 803 954 suosque
819 870 859 934 ad
869 892 957 933 arma
967 869 1150 934 vocantium
1164 870 1322 934 maiorem

246 976 280 1023 26
300 963 422 1024 metum
453 961 601 1025 incussit:
632 960 688 1024 alii
717 960 752 1024 in
781 959 894 1045 iugum
925 959 1046 1023 montis
1074 962 1255 1040 evaserant,
1286 965 1356 1023 uta

299 1048 442 1113 hostium
461 1071 578 1135 agmen
596 1050 669 1114 inde
683 1049 914 1133 prospicerent,
933 1070 1033 1133 equos
1052 1049 1197 1132 plerique
1216 1049 1322 1113 frena-

300 1137 387 1202 bant.
433 1138 566 1203 Discors
590 1139 749 1203 exercitus
773 1161 833 1203 nec
859 1138 898 1201 ad
926 1160 1026 1202 unum
1050 1139 1194 1201 intentus
1221 1138 1322 1221 impe·

246 1244 279 1291 27
299 1227 383 1290 rium
407 1229 496 1292 vario
524 1226 665 1293 tumultu
695 1233 810 1293 cuncta
837 1228 1029 1292 turbaverat.
1076 1226 1199 1291 Dareus
1225 1226 1321 1292 initio

298 1317 411 1402 iugum
440 1318 559 1382 montis
591 1339 663 1382 cum
691 1320 782 1401 parte
814 1316 978 1401 copiarum
1010 1337 1166 1400 occupare
1194 1318 1322 1399 statuit,

300 1409 332 1470 et
355 1428 374 1468 a
395 1406 503 1471 fronte
530 1411 563 1471 et
590 1429 608 1470 a
638 1410 729 1492 tergo
761 1406 986 1472 circumiturus
1017 1405 1156 1489 hostem,
1188 1428 1207 1468 a
1237 1406 1321 1470 mari
1335 1431 1354 1471 a

299 1516 441 1578 quoque,
483 1518 546 1579 quo
584 1496 732 1560 dextrum
770 1495 839 1559 eius
875 1516 976 1559 cornu
1012 1495 1196 1581 tegebatur,
1239 1494 1321 1559 alios

245 1601 279 1649 28
299 1584 494 1667 obiecturus,
517 1588 554 1649 ut
577 1585 718 1669 undique
738 1588 899 1670 urgueret.
946 1584 1077 1649 Praeter
1099 1584 1179 1648 haec
1201 1584 1321 1670 viginti

298 1673 389 1737 milia
425 1673 600 1757 praemissa
637 1695 710 1738 cum
748 1672 990 1759 sagittariorum
1029 1696 1125 1737 manu
1163 1673 1321 1738 Pinarum

298 1784 439 1845 amnem,
467 1762 522 1847 qui
547 1764 609 1827 duo
633 1763 763 1850 agmina
786 1762 1005 1846 interfluebat,
1034 1762 1228 1827 transireat
1252 1764 1321 1829 obi-

300 1872 370 1916 cere
393 1873 460 1915 sese
489 1851 700 1917 Macedonum
730 1852 831 1935 copiis
860 1853 1010 1917 iusserat:
1038 1852 1066 1915 si
1094 1851 1127 1916 id
1154 1856 1322 1937 praestare
1335 1876 1355 1917 rs

297 1962 364 2005 non
386 1945 528 2025 possent,
551 1942 749 2007 retrocedere
772 1942 807 2005 iu
830 1945 957 2005 montes
981 1945 1013 2004 et
1036 1943 1160 2005 occulte
1184 1942 1322 2006 circum-

244 2046 278 2094 29
298 2029 345 2092 ire
385 2030 517 2094 ultimos
551 2031 703 2095 hostium.
758 2029 907 2096 Ceterum
949 2030 1107 2095 destinata
1144 2030 1323 2096 salubriter

298 2118 387 2182 omni
416 2120 542 2185 ratione
569 2122 733 2204 potentior
762 2121 895 2184 fortuna
923 2120 1086 2185 discussit:
1115 2121 1235 2203 quippe
1265 2121 1322 2185 alii

244 2224 278 2272 30
297 2230 374 2292 prae
397 2212 486 2273 metu
509 2210 679 2293 imperium
703 2213 820 2294 exequi
838 2231 902 2273 non
927 2209 1095 2292 audebant,
1120 2209 1175 2273 alii
1198 2208 1322 2275 furstra

298 2298 546 2383 exequebantur,
570 2298 654 2382 quia,
673 2299 730 2363 ubi
747 2303 855 2382 partes
874 2299 993 2378 labant,
1017 2321 1142 2363 summa
1161 2299 1357 2364 turbatura

242 2392 280 2445 IX
364 2386 459 2452 Acies
482 2391 590 2451 autem
609 2388 672 2452 hoc
690 2389 785 2453 modo
806 2389 905 2452 stetit.
947 2387 1151 2453 Nabarzanes
1171 2388 1359 2472 equitatus

298 2475 444 2540 dextrum
468 2498 567 2541 cornu
590 2477 743 2541 tuebatur
765 2478 883 2542 additis
910 2478 1112 2542 funditorum
1137 2476 1321 2562 sagittario-

262 2582 433 2649 nrumque
466 2566 582 2651 viginti
614 2567 681 2631 fere
711 2566 851 2632 milibus.
900 2565 939 2630 ln
970 2567 1081 2631 eodem
1112 2566 1320 2650 Thymondas

298 2657 366 2718 erat
386 2653 514 2719 Graecis
537 2655 699 2738 peditibus
718 2655 863 2719 mercede
883 2656 1058 2739 conductis
1081 2656 1216 2741 triginta
1234 2656 1320 2721 mili-

296 2743 371 2825 bus,
398 2744 610 2827 praepositus.
657 2745 728 2809 Hoc
758 2749 826 2809 erat
855 2744 942 2809 haud
973 2744 1068 2808 dubie
1099 2744 1198 2809 robur
1230 2766 1318 2810 exer·
1333 2770 1356 2809 ss

260 2832 388 2914 scitus,
410 2855 470 2916 par
488 2832 712 2898 Macedonicae
730 2834 885 2920 phalangi
909 2834 1000 2910 acies.
1041 2832 1081 2897 In
1100 2834 1191 2898 laevo
1217 2855 1319 2899 cornu

296 2920 516 2987 Aristomedes
544 2922 717 2987 Thessalus
740 2942 789 2988 xx
812 2925 903 2989 milia
930 2924 1141 2987 barbarorum
1169 2922 1318 3007 peditum

296 3009 443 3075 habebat.
489 3010 526 3075 In
551 3012 704 3077 subsidiis
727 3014 982 3100 pugnacissimas
1010 3015 1172 3078 locaverat
1194 3016 1317 3098 gentes.

260 3097 404 3183 slpsum
430 3123 538 3187 regem
562 3102 596 3165 in
620 3101 733 3165 eodem
760 3124 861 3167 cornu
884 3103 1112 3167 dimicaturum
1140 3101 1203 3167 tria
1226 3102 1318 3167 milia

297 3188 493 3255 delectorum
509 3191 665 3275 equitum,
684 3191 816 3256 adsueta
833 3192 977 3276 corporis
996 3190 1151 3275 custodia,
1173 3195 1206 3255 et
1222 3192 1318 3275 pedo
1332 3218 1356 3257 so

368 3406 381 3452 1
403 3401 557 3455 Invadebat
582 3419 648 3473 ergo
673 3404 785 3471 scripsi:
813 3419 879 3470 ergo
903 3407 933 3457 A.
1025 3410 1040 3455 2
1069 3404 1176 3457 animos
1202 3405 1316 3474 scripsi:

295 3471 389 3524 animo
408 3476 438 3524 Δ.
508 3491 591 3541 qaam
608 3474 715 3543 proelio
735 3480 761 3526 1:
781 3474 887 3543 proelio
906 3478 936 3527 Δ.
1008 3480 1023 3527 6
1042 3475 1205 3547 frenabant]
1225 3475 1317 3530 frene-

295 3542 365 3595 bant
384 3548 409 3595 0.
502 3549 535 3596 13
554 3546 651 3616 manu]
670 3563 770 3599 manus
789 3552 819 3598 V.
912 3551 944 3598 21
964 3544 1145 3600 Nabarzanes
1164 3552 1190 3599 1:
1215 3547 1318 3602 nabar-

295 3630 379 3667 aanas
399 3620 429 3680 0,
448 3614 618 3669 nabaraenes
637 3624 657 3670 Ρ
676 3636 709 3671 m.
724 3635 766 3685 pr.
859 3623 892 3669 23
913 3617 1093 3685 Thymondas
1116 3620 1227 3686 scripsi:
1252 3618 1318 3687 thy-

294 3686 390 3739 modes
410 3692 443 3752 1²,
467 3687 607 3741 thim0des
627 3694 652 3742 0.
744 3694 778 3741 25
798 3688 858 3741 Hoc
884 3690 991 3743 Lenes:
1018 3689 1089 3743 haec
1107 3694 1137 3741 A.
1230 3689 1317 3744 dubie

296 3757 424 3812 Medias:
444 3758 561 3813 dubium
575 3764 605 3812 Δ.
661 3765 694 3813 26
710 3759 921 3831 Macedonicae]
936 3760 1103 3814 madonicae
1117 3767 1144 3813 1³.
1201 3766 1234 3813 27
1255 3761 1317 3815 Ari·

294 3829 433 3883 stomedes
459 3832 634 3886 Vindelicus:
654 3831 833 3885 aristomedis
851 3836 881 3885 Δ.
955 3851 992 3885 xx
1011 3832 1109 3887 milia
1127 3837 1152 3885 1:
1172 3850 1210 3885 xx
1228 3836 1260 3887 Δ.
