3150 4459
304 449 369 513 170
680 449 711 515 Q.
732 450 841 504 cunm
859 449 946 503 aum

267 613 485 698 sinsigm'bus
518 614 551 677 in
583 613 700 679 devicti
732 614 885 679 transiret
914 612 1070 677 habitum.
1125 613 1170 676 Et
1201 614 1257 677 ille
1292 636 1325 677 se

303 702 432 787 quidem
460 704 564 787 spolia
582 703 752 768 Persarum
775 707 903 789 gestare
922 702 1057 785 dicebat,
1081 701 1136 767 sed
1160 702 1325 767 cumillis

303 814 431 876 quoque
458 813 564 857 mores
592 792 754 876 induerat,
778 792 1029 876 'superbiamque
1063 791 1193 856 habitus
1224 792 1325 856 animi

267 882 476 948 oinsolentia
499 882 702 965 sequebatur.
729 881 869 946 Litteras
893 903 1034 965 quoque,
1059 903 1138 963 quas
1162 881 1197 943 in
1219 880 1325 944 Euro-

301 992 376 1056 pam
410 971 567 1054 mitteret,
595 972 713 1036 veteris
746 971 834 1035 anuli
871 992 999 1056 gemma
1032 970 1237 1054 obsignabat,
1273 970 1326 1053 iis,
1352 999 1362 1038 r

302 1082 383 1145 quas
410 1062 444 1124 in
466 1058 580 1124 Asiam
610 1060 778 1144 scriberet,
806 1059 904 1123 Darei
932 1061 1046 1123 anulus
1080 1060 1326 1142 inprimebatu'r,

301 1154 339 1214 ut
361 1149 528 1235 adpareret
550 1172 652 1215 unum
675 1149 818 1213 animum
838 1149 975 1213 duorum
998 1170 1064 1213 non
1087 1170 1200 1231 capere
1223 1149 1326 1212 fortu-

269 1258 386 1305 7nam.
431 1238 563 1304 Amicos
592 1262 666 1306 vero
691 1242 724 1303 et
751 1240 876 1323 equites
905 1260 1033 1322 unaque
1056 1237 1218 1322 principes
1242 1238 1327 1301 mili-

302 1332 382 1411 tum,
406 1331 614 1412 aspernantes
633 1328 772 1412 quidem,
797 1328 852 1393 sed
871 1348 1018 1393 recusare
1032 1349 1100 1391 non
1122 1349 1227 1409 ausos,
1251 1327 1326 1391 Per-

267 1434 284 1483 8
303 1417 379 1483 sicis
403 1420 573 1482 ornaverat
595 1418 747 1483 vestibus.
794 1417 916 1482 Pelices
941 1432 1005 1481 ccc
1029 1419 1061 1480 et
1085 1433 1163 1496 cxv,
1188 1417 1325 1480 totidem
1341 1446 1365 1485 10

303 1510 383 1591 quot
405 1505 503 1572 Darei
525 1507 668 1590 fuerant,
690 1508 814 1592 regiam
838 1506 1018 1590 inplebant,
1041 1528 1120 1589 quas
1144 1505 1325 1591 spadonum

267 1612 284 1662 9
303 1617 417 1681 greges
432 1600 464 1660 et
478 1595 543 1681 ipsi
560 1596 730 1662 muliebria
743 1597 814 1680 pati
838 1595 963 1659 adsueti
977 1594 1201 1677 sequebantur.
1234 1594 1326 1659 Haec
1341 1604 1375 1657 21

301 1685 382 1749 luxu
414 1688 446 1749 et
473 1686 654 1771 peregrinis
691 1684 811 1749 infecta
847 1684 992 1749 moribus
1024 1688 1148 1749 veteres
1177 1683 1326 1769 Philippi

302 1774 431 1858 milites,
448 1774 537 1839 rudis
560 1774 649 1839 natio
673 1775 714 1838 ad
737 1774 929 1859 voluptates
952 1772 1060 1858 palam
1085 1774 1325 1856 aversabantur,

302 1863 446 1947 totisque
473 1865 585 1929 castris
616 1886 699 1928 unus
730 1865 875 1928 omnium
908 1883 1021 1927 sensus
1049 1884 1085 1925 ac
1113 1884 1216 1926 sermo
1247 1866 1325 1941 erat,
1343 1892 1364 1931 u

249 1971 285 2020 10
303 1954 376 2037 plus
392 1954 544 2017 amissum
559 1954 696 2018 victoria
709 1975 806 2037 quam
830 1953 916 2018 bello
931 1974 999 2016 esse
1020 1953 1213 2035 quaesitum:
1238 1972 1324 2015 cum-

302 2043 442 2107 maxime
464 2044 551 2107 vinci
569 2045 658 2128 ipsos
677 2043 802 2107 deditos
817 2043 930 2106 alienis
949 2041 1094 2105 moribus
1118 2045 1150 2103 et
1173 2041 1324 2104 externis.

304 2130 374 2208 Quo
398 2131 527 2197 tandem
551 2154 606 2196 ore
630 2132 743 2196 domos
759 2132 851 2215 quasi
874 2134 908 2196 in
932 2132 1060 2215 captivo
1084 2129 1198 2193 habitu
1221 2151 1325 2193 rever·-

303 2221 418 2285 suros‘?
454 2220 580 2285 Pudere
603 2222 667 2285 iam
692 2222 743 2285 sui
765 2243 888 2306 regern:
911 2220 1006 2284 victis
1026 2241 1121 2303 quam
1146 2219 1325 2283 victoribus

303 2309 493 2375 similiorem
521 2333 560 2374 ex
587 2310 793 2375 Macedoniae
824 2312 1018 2395 imperatore
1045 2308 1142 2371 Darei
1173 2313 1365 2394 satrapenis

250 2418 282 2465 11
302 2399 433 2463 facturn.
484 2398 542 2463 Ille
569 2421 635 2463 non
663 2402 809 2485 ignarus,
840 2404 873 2464 et
899 2398 1063 2483 principes
1092 2398 1268 2462 amicorum
1292 2402 1325 2461 et

302 2489 479 2553 exercitum
494 2490 636 2574 graviter
649 2489 777 2571 offendi,
801 2489 939 2574 gratiam
958 2486 1153 2551 liberalitate
1167 2487 1324 2570 donisque

302 2599 449 2662 reparare
472 2578 661 2662 temptabat.
708 2577 784 2661 Sed,
808 2579 936 2662 opinor,
963 2576 1074 2641 liberis
1098 2576 1238 2659 pretium
1262 2598 1324 2640 ser-

251 2686 283 2734 12
302 2666 418 2731 vitutis
442 2668 605 2752 ingratum
624 2671 682 2731 est.
718 2665 832 2753 Igitur,
855 2689 895 2731 ne
918 2669 953 2731 in
968 2666 1157 2731 seditionem
1182 2689 1232 2730 res
1256 2687 1324 2730 ver-

303 2761 433 2838 teretur,
457 2757 559 2820 otium
583 2756 853 2840 interpellandum
868 2760 937 2819 erat
954 2755 1049 2839 bello,
1073 2756 1164 2819 cuius
1189 2756 1324 2818 materia
1340 2782 1365 2821 as

250 2864 283 2913 13
302 2849 486 2931 opportune
500 2846 653 2922 alebatur.
685 2845 836 2929 Namque
850 2844 969 2909 Bessus
983 2848 1072 2908 veste
1086 2845 1175 2928 regia
1194 2848 1324 2928 sumpta

374 3057 493 3141 aquas]
512 3057 594 3126 quasi
612 3063 680 3112 Pm.
691 3075 737 3126 pr.
802 3057 949 3128 eveteris]
969 3058 1078 3110 ueteres
1097 3060 1167 3109 Bm.
1178 3074 1222 3124 pr.
1288 3055 1322 3106 ils

301 3129 545 3198 Pm.pr.:h1sc.
611 3128 782 3183 6Asiam1:
806 3128 867 3181 asia
881 3133 911 3182 A.
976 3126 1195 3197 inprimebatur]
1215 3126 1323 3194 inpme-

301 3200 387 3254 batur
404 3206 433 3253 P.
497 3203 562 3253 lut
576 3217 626 3253 om.
641 3206 662 3251 P
675 3218 710 3254 m.
721 3217 767 3268 pr.
829 3199 989 3270 adpareret]
1009 3201 1138 3268 apareret
1156 3204 1184 3263 A,
1204 3197 1323 3265 abpara-

301 3274 346 3325 ret
359 3278 386 3325 P.
451 3277 467 3324 8
487 3288 599 3339 unaque
616 3273 772 3326 Bentleiua:
793 3270 834 3323 hii
852 3286 974 3339 namque
989 3277 1015 3336 0,
1033 3270 1081 3323 hi*
1101 3286 1222 3336 namque
1240 3275 1267 3321 P.

302 3343 456 3415 principes]
474 3343 614 3411 printipes
629 3348 657 3396 Ι..
746 3348 761 3395 9
781 3343 876 3413 ausos]
895 3358 993 3395 aussos
1011 3347 1039 3394 P.
1123 3345 1156 3394 10
1175 3342 1323 3394 ornaverat

307 3414 483 3469 Vindelicus:
504 3416 671 3467 onerauerat
685 3419 715 3467 A.
799 3432 847 3467 ccc
866 3416 894 3467 et
913 3433 966 3468 cxv
989 3414 1082 3483 Vopel:
1107 3431 1172 3465 ccco
1191 3414 1220 3464 et
1238 3430 1273 3463 rx
1292 3416 1322 3463 A.

303 3491 335 3538 11
356 3485 436 3555 quot]
456 3486 531 3553 quod
550 3490 605 3538 PV.
675 3492 708 3539 12
728 3485 852 3557 adsueti]
871 3485 1018 3539 adsueati*
1033 3490 1060 3537 P.
1131 3488 1164 3536 13
1183 3482 1322 3553 Philippi]

301 3556 433 3625 phylippi
452 3562 480 3609 P.
561 3563 593 3610 14
613 3556 826 3628 aversabantur]
844 3555 1033 3610 uersabantur
1050 3562 1079 3609 P.
1159 3560 1190 3608 17
1212 3554 1323 3607 deditos

302 3629 457 3682 Bentleiua:
478 3628 599 3695 dedique
614 3633 644 3681 A.
701 3633 734 3681 18
753 3627 814 3691 Quo
833 3627 950 3681 tandem
966 3644 1013 3681 ore
1028 3628 1148 3696 Ieepios:
1168 3642 1224 3694 quo
1243 3627 1323 3679 tante

302 3716 378 3753 more
392 3704 423 3753 A.
479 3705 512 3752 22
527 3699 662 3770 graviter]
677 3699 791 3769 grath
799 3705 828 3752 P.
883 3696 1258 3822 liberalitatehliberalitate
1269 3716 1284 3750 a
1294 3702 1322 3750 P.

303 3777 336 3823 23
355 3769 527 3842 temptabat]
551 3770 736 3839 temptabatis
755 3777 823 3825 Pm.
836 3788 881 3839 pr.
974 3777 1007 3823 25
1026 3771 1062 3824 be
1086 3775 1146 3824 01:
1166 3768 1273 3822 bellum
1292 3773 1322 3820 A.

303 3848 337 3897 26
356 3844 513 3912 opportune
532 3848 557 3895 1:
578 3845 714 3911 oportune
734 3848 764 3897 A.
