3150 4459
319 455 384 520 358
698 455 730 522 Q.
750 455 860 511 CURTI
879 456 966 511 RUFI

319 618 483 703 posuisset
504 641 672 703 nuperque
695 620 842 683 conditas
863 619 959 685 urbes
979 619 1102 684 colonis
1120 623 1291 706 replesset
1309 646 1359 688 res

284 708 458 774 cretiuere
488 708 702 792 cupientibus.
754 707 903 773 Ceterum
933 708 1122 793 priusquam
1154 716 1358 797 excerneret,

320 819 401 881 quos
425 802 495 862 erat
518 802 710 882 retenturus,
735 798 845 882 edixit,
869 801 906 861 ut
930 820 1040 864 omnes
1058 798 1181 865 milites
1201 823 1261 866 aes
1281 802 1356 866 alie·

318 909 396 951 num
419 888 658 970 profiterentur.
697 884 800 951 (trave
823 887 986 971 plerisque
1008 909 1077 952 esse
1095 894 1296 975 conpererat
1315 896 1355 975 et,

318 997 515 1059 quamquam
545 976 689 1061 ipsorum
718 975 798 1039 luxu
827 980 1028 1041 contractum
1053 981 1135 1061 erat,
1169 978 1382 1045 dissolveres

267 1067 428 1133 letamen
457 1066 527 1148 ipse
557 1065 748 1131 decreverat.
795 1063 848 1130 Illi
877 1066 1031 1149 temptari
1058 1066 1147 1151 ipsos
1171 1068 1253 1147 rati,
1288 1092 1351 1153 quo

317 1152 446 1218 facilius
470 1155 510 1219 ab
535 1154 671 1239 integris
694 1159 900 1237 sumptuosos
925 1155 1129 1240 discerneret,
1152 1158 1350 1240 prolatando

319 1241 521 1324 aliquantum
544 1247 751 1308 extraxerant
773 1243 938 1327 temporis.
976 1244 1020 1308 Et
1041 1266 1097 1308 rex
1117 1245 1197 1310 satis
1216 1267 1349 1332 gnarus,

317 1331 512 1416 professioni
542 1333 625 1396 aeris
655 1332 826 1418 pudorem,
857 1354 925 1397 non
948 1334 1185 1399 contumaciam
1209 1336 1348 1419 obstare,

317 1442 445 1485 mensas
474 1422 554 1486 totis
585 1422 699 1485 eastris
729 1422 808 1505 poni
839 1422 935 1487 iussit
965 1426 998 1486 et
1025 1440 1050 1486 x
1072 1422 1163 1487 milia
1186 1424 1378 1491 talentnmre

265 1528 298 1577 11
318 1510 465 1593 proferri.
512 1510 594 1574 Tum
627 1511 756 1588 demum
789 1530 859 1576 cum
891 1511 954 1575 fide
985 1512 1072 1576 facta
1102 1512 1267 1597 professio
1292 1522 1346 1580 111

317 1597 387 1663 Nec
410 1599 549 1683 amplius
572 1621 612 1663 ex
635 1603 726 1664 tanta
748 1600 886 1685 pecunia
908 1622 1005 1684 quam
1030 1617 1050 1665 c
1074 1606 1107 1666 et
1129 1619 1205 1666 xxx
1222 1603 1347 1669 talenta

318 1688 513 1771 superfuere.
574 1687 663 1753 Adeo
696 1689 751 1755 1111
784 1689 959 1772 exercitus,
996 1694 1047 1755 tot
1077 1690 1344 1758 divitissimarum

318 1778 464 1861 gentium
488 1779 600 1862 victor,
623 1778 698 1863 plus
721 1782 830 1842 tamen
849 1778 1003 1843 victoriae
1022 1801 1118 1862 quam
1137 1781 1278 1864 praedae
1297 1781 1345 1846 de

265 1885 298 1934 12
317 1867 461 1950 portavit
489 1889 529 1931 ex
552 1867 640 1931 Asia.
687 1866 838 1932 (letarum
866 1871 904 1932 ut
927 1869 1094 1954 cognitum
1118 1869 1277 1935 11111101
1301 1872 1376 1935 rel

317 1956 404 2019 mitti
424 1957 546 2040 domos,
565 1956 646 2022 alios
664 1958 806 2041 retineri,
824 1961 1012 2042 perpetuam
1033 1980 1105 2022 eum
1125 1959 1218 2043 regni
1236 1960 1345 2025 sedem
1357 1980 1376 2022 0

281 2098 290 2102 .,
317 2045 352 2108 in
366 2042 446 2109 Asia
468 2045 656 2110 habiturum
680 2048 743 2110 rati
767 2046 938 2112 vaecordes
962 2050 995 2110 et
1018 2047 1208 2131 disciplinae
1226 2050 1345 2114 milita

317 2134 362 2197 ris
381 2133 575 2200 inmemores
594 2135 756 2200 seditiosis
774 2136 909 2200 vocibus
929 2140 1033 2201 castra
1051 2137 1206 2220 conplent
1221 2160 1344 2225 regem-

318 2244 381 2305 que
404 2224 544 2288 ferocius
569 2246 665 2306 quam
684 2225 766 2306 alias
783 2224 889 2289 adorti
908 2247 1019 2290 omnes
1039 2225 1137 2291 simul
1155 2226 1344 2293 missionem

283 2356 285 2368 ,
317 2312 482 2395 postulare
506 2317 681 2396 coeperunt
705 2313 861 2377 deformia
880 2336 936 2379 ora
956 2314 1160 2379 cicatricibus
1179 2316 1375 2381 canitiem-a

265 2420 298 2468 11
317 2422 380 2483 que
404 2403 546 2485 capitum
571 2406 778 2466 ostentantes.
816 2403 886 2468 Nec
909 2408 965 2467 aut
987 2402 1225 2487 praefectorum
1251 2406 1344 2471 casti·

317 2490 448 2576 gatione
476 2495 533 2555 aut
562 2492 752 2555 verecundia
774 2493 861 2579 regis
885 2493 1032 2556 deterriti
1055 2494 1259 2559 tumultuoso
1284 2496 1344 2560 cla

317 2601 406 2642 more
437 2584 469 2643 et
498 2580 632 2644 militari
658 2580 812 2645 violentia
843 2583 1013 2647 volentem,
1028 2582 1119 2664 loqui
1142 2582 1343 2667 inhibebant,

316 2668 424 2751 palam
448 2670 586 2753 professi
605 2692 764 2753 nusquam
783 2670 858 2733 inde
876 2671 940 2736 nisi
959 2672 993 2734 in
1010 2670 1150 2754 patriam
1169 2672 1342 2759 vestigium

264 2776 298 2825 14
317 2778 386 2821 esse
408 2761 564 2823 moturos.
610 2758 752 2823 Tandem
776 2759 905 2824 silentio
930 2761 1016 2824 facto
1039 2761 1154 2846 magis,
1176 2761 1254 2843 quia
1278 2782 1374 2827 mou

316 2850 386 2910 tum
418 2869 486 2911 esse
516 2848 700 2933 credebant,
731 2871 828 2931 quam
853 2849 928 2932 quia
952 2850 1014 2932 ipsi
1037 2850 1161 2914 moveri
1184 2854 1343 2934 poterant,

390 3065 403 3111 1
430 3060 525 3130 urbes]
549 3059 632 3113 urbes
656 3075 726 3127 quas
752 3065 781 3113 Ρ.
854 3060 1003 3132 replesset]
1028 3060 1181 3131 repulisset
1206 3066 1282 3116 Bm.
1298 3080 1340 3130 pr.

317 3135 332 3182 2
351 3130 473 3184 retinere
490 3132 602 3200 scepei:
621 3146 758 3185 renouare
777 3135 808 3185 Δ.
863 3131 1040 3203 priusquam]
1059 3132 1196 3201 priusque
1213 3137 1241 3186 Ρ.
1298 3150 1342 3187 ex·

316 3204 443 3255 cerneret
461 3206 502 3254 Pr
516 3220 598 3257 corr:
619 3204 776 3255 secerneret
791 3209 808 3255 0
827 3203 1032 3274 [seexcerneret
1045 3209 1065 3255 1.
1079 3221 1113 3258 m.
1123 3204 1188 3275 pr.].
1245 3211 1262 3258 4
1284 3204 1341 3272 ple·

316 3271 423 3343 risque]
442 3272 569 3342 plerique
588 3280 615 3327 P.
681 3279 698 3327 8
727 3274 809 3345 11111]
828 3292 878 3329 om.
893 3279 916 3326 V
931 3292 966 3328 m.
976 3293 1022 3345 pr.
1087 3275 1202 3346 gnarus]
1226 3276 1341 3345 ignarus

317 3348 424 3397 mv,
481 3350 496 3398 9
518 3344 698 3416 professioni]
718 3345 901 3413 professionis
915 3351 944 3412 Ρ,
962 3346 1149 3415 professioni*
1164 3352 1221 3400 Π.
1278 3364 1340 3402 con·

316 3415 482 3486 tumaoiam]
508 3416 692 3470 totumaciam
716 3421 748 3481 Ρ,
777 3417 1001 3471 contumantiam
1024 3423 1053 3471 1³.
1124 3423 1157 3471 10
1186 3417 1299 3491 eastris]
1322 3424 1341 3472 1³

316 3503 367 3541 om.
388 3489 419 3540 iu
441 3488 495 3553 [foe
518 3489 582 3555 folii
604 3489 687 3542 uerba
710 3505 780 3556 quoe
797 3497 927 3543 secuntur
944 3507 1030 3558 usque
1049 3490 1087 3545 ad
1107 3495 1148 3553 10,
1164 3495 1221 3557 5‚8
1241 3506 1293 3545 nec
1313 3506 1341 3545 10

316 3556 393 3626 ipsos
410 3559 525 3624 duobus,
545 3567 578 3613 ut
590 3560 707 3625 uidetur,
724 3560 803 3626 foliis
822 3562 937 3615 01111111.
1001 3566 1033 3614 11
1054 3578 1126 3615 eum
1145 3561 1200 3614 fide
1219 3564 1340 3631 Ieepe'us:

315 3628 372 3683 fide
390 3634 420 3682 Δ.
506 3635 538 3683 13
564 3629 654 3701 Adeo]
675 3632 738 3684 ateo
757 3638 786 3683 F.
876 3637 908 3685 16
935 3632 1044 3703 domos]
1074 3633 1172 3686 domus
1200 3637 1221 3684 1³
1244 3651 1278 3688 m.
1295 3651 1340 3704 pr.

318 3706 350 3753 lv
374 3701 403 3753 in
427 3700 495 3753 Asia
514 3707 539 3753 1:
568 3701 598 3753 in
626 3702 715 3756 asiam
734 3706 765 3755 Δ.
876 3708 909 3755 20
938 3702 1072 3757 canitiem
1095 3709 1121 3756 1:
1150 3703 1288 3759 caniciem
1311 3710 1340 3757 1

316 3778 349 3825 21
374 3772 581 3841 praefectorum
599 3778 625 3824 1:
645 3773 836 3842 profectorum
856 3780 886 3828 Δ.
961 3780 994 3828 22
1019 3774 1148 3828 deterriti
1167 3776 1275 3831 Laeter:
1295 3776 1340 3829 de·

316 3844 446 3897 territum
465 3848 495 3898 A.
569 3844 757 3915 tumultuoso]
779 3845 954 3900 tumultuosa
973 3852 1042 3900 Pru.
1053 3864 1099 3915 pr.
1113 3852 1133 3899 L
1147 3865 1183 3901 m.
1194 3864 1239 3917 pr.
