3150 4459
304 480 334 545 11.
355 479 464 534 CURTI
483 480 569 535 RUFI
588 480 841 534 HISTORIARUM
860 480 1075 534 ALEXANDRI
1089 480 1148 548 Vn,
1163 486 1186 535 1.
1225 470 1290 544 199

268 645 330 707 sito
346 643 515 708 Atarrhias
533 646 698 728 postulare
713 644 830 728 coepit,
848 649 885 708 ut
903 643 1080 728 Lyncestes
1098 643 1290 728 Alexander,

269 733 326 815 qui
354 734 458 798 multo
489 738 564 799 ante
592 757 689 818 quam
712 733 864 820 Philotas>
888 755 997 819 regem
1021 732 1177 798 voluisset
1208 733 1289 798 occi-

267 823 357 903 dere,
390 822 603 889 exhiberetur.
649 822 680 885 A
719 822 845 888 duobus
873 822 1047 905 indicibus,
1080 825 1164 886 sicut
1193 840 1325 906 suprac

268 912 422 995 diximus,
449 912 575 976 delatus
600 913 732 976 tertium
755 914 820 977 iam
848 934 967 975 annum
991 912 1233 976 custodiebatur
1255 913 1289 975 in

238 1001 413 1066 avinculis.
459 1000 608 1065 Eundem
636 1003 671 1066 in
693 1000 840 1085 Philippi
869 1023 997 1084 quoquc
1028 1001 1158 1065 caedem
1180 1000 1289 1065 coniu-

267 1112 354 1153 rasse
373 1112 445 1154 cum
460 1089 619 1155 Pausania
637 1113 696 1175 pro
716 1094 871 1175 conperto
889 1090 961 1173 fuit,
986 1090 1042 1155 sed
1066 1091 1143 1174 quia
1165 1091 1289 1174 primus

266 1179 487 1242 Alexandrum
510 1201 620 1266 regem
646 1181 856 1265 salutaverat,
880 1179 1040 1264 supplicio
1064 1179 1168 1265 magis
1192 1202 1289 1263 quam

265 1269 395 1333 crimini
417 1270 523 1332 fuerat
547 1274 730 1353 exemptus:
753 1272 824 1333 tum
844 1289 973 1352 quoque
995 1268 1165 1351 Antipatri
1188 1270 1289 1333 soceri
1310 1286 1324 1332 1

267 1358 335 1421 eius
363 1379 474 1441 preces
507 1359 626 1422 iustam
654 1358 740 1444 regis
770 1360 852 1423 iram
875 1357 1092 1422 morabantur.
1140 1356 1289 1421 Ceterum

224 1479 252 1516 10
267 1447 429 1510 recruduit
466 1452 663 1532 suppuratus
695 1447 803 1512 dolor:
841 1447 962 1531 quippe
999 1447 1118 1512 vetaris
1154 1446 1290 1530 periculi

267 1536 455 1600 memoriam
478 1537 658 1620 praesentis
673 1559 749 1601 cura
767 1536 951 1601 renovabat.
984 1534 1090 1621 Igitur
1107 1534 1290 1600 Alexander
1309 1551 1325 1599 8

264 1649 305 1690 ex
329 1626 476 1689 custodia
494 1626 642 1691 educitur
659 1627 832 1709 iussusque
856 1625 969 1708 dicere,
997 1647 1195 1709 quamquam
1218 1628 1289 1689 toto

263 1714 405 1778 triennio
435 1715 608 1779 meditatus
636 1719 705 1779 erat
733 1716 966 1798 defensionem,
995 1718 1104 1778 tamen
1127 1714 1289 1778 haesitans

266 1809 298 1867 et
322 1805 466 1888 trepidus
489 1826 592 1887 pauca
616 1826 655 1867 ex
677 1803 744 1889 his,
772 1826 854 1887 quae
882 1807 1110 1887 conposuerat,
1142 1804 1289 1888 protulit,

225 1924 251 1962 15
266 1895 305 1955 ad
329 1892 481 1957 ultimum
503 1915 571 1957 non
593 1895 748 1957 memoria
761 1895 877 1974 solum,
901 1893 956 1956 sed
980 1892 1078 1957 etiam
1101 1915 1192 1958 mens
1216 1915 1290 1957 eum

264 1983 423 2046 destituit.
456 1981 549 2045 Nulli
568 1987 637 2046 erat
655 1982 801 2064 dubium,
825 1982 904 2066 quin
927 1982 1103 2065 trepidatio
1128 1982 1325 2047 consciens

263 2071 329 2135 tiae
352 2071 508 2136 indicium
532 2075 629 2155 essct,
656 2093 722 2135 non
745 2071 920 2136 memoriae
942 2070 1068 2136 vitium.
1113 2069 1227 2155 Itaque
1250 2094 1290 2135 ex

266 2161 320 2242 iis,
353 2161 409 2243 qui
431 2162 574 2243 proximi
601 2160 801 2243 adstiterant‚
829 2160 1048 2224 obluctantem
1075 2160 1179 2224 adhuc
1209 2160 1289 2225 obli-

266 2251 355 2313 vioni
377 2249 497 2313 lanceis
520 2250 742 2314 confoderunt.
1026 2270 1028 2273 ·

230 2349 249 2401 2
334 2338 433 2403 Cuius
456 2360 591 2422 corpore
610 2339 718 2403 ablato
732 2362 789 2403 rex
813 2339 975 2404 introduci
998 2339 1094 2404 iussit
1113 2341 1289 2422 Amyntam
1311 2354 1345 2403 10

223 2460 250 2496 21
266 2432 298 2491 et
322 2427 457 2492 Simian:
485 2451 560 2491 nam
584 2428 755 2511 Polemon,
778 2428 933 2493 minimus
957 2450 997 2492 ex
1018 2428 1188 2510 fratribus,
1216 2451 1290 2494 cum

266 2517 420 2582 Philotan
452 2520 597 2601 torqueri
630 2519 843 2601 conperisset,
878 2517 1076 2602 profugerat.
1137 2515 1289 2582 Omnium
1311 2533 1347 2580 11

263 2607 414 2670 Philotae
438 2607 614 2672 amicorum
636 2608 672 2671 hi
695 2607 855 2671 carissimi
877 2607 1020 2688 fuerant,
1048 2606 1088 2671 ad
1118 2628 1235 2691 magna
1259 2611 1291 2672 et

265 2697 424 2759 honorata
456 2697 636 2761 ministeria
664 2696 752 2761 illius
781 2696 920 2760 maxime
953 2696 1185 2780 suffragatione
1219 2718 1291 2778 pro-

224 2787 365 2867 seducti,
383 2788 635 2869 memineratque
653 2808 719 2869 rex,
742 2807 868 2850 summo
893 2784 1001 2849 studio
1026 2784 1065 2848 ab
1085 2806 1122 2847 eo
1142 2784 1291 2849 concilia-

340 2949 353 2995 1
374 2943 522 2996 Atarrhias
535 2944 647 3011 scepei:
667 2942 814 3012 apharrias
829 2947 857 3009 P,
877 2941 1006 2996 affarrias
1021 2948 1046 2994 0.
1138 2942 1290 3009 Lyncestes

266 3016 435 3068 Frobece'os:
462 3014 594 3067 lincestes
618 3019 641 3065 Δ
665 3014 799 3085 [incestas
822 3013 863 3083 F]
956 3020 971 3067 2
994 3012 1135 3084 Philotas]
1158 3011 1290 3081 phylotas

266 3091 347 3138 BLV.
405 3085 629 3155 3cxhiberetur]
645 3084 805 3139 exiberetur
817 3090 870 3137 LP.
927 3083 1101 3154 sPhilippi]
1115 3082 1247 3153 phylippi
1261 3088 1289 3136 B.

269 3162 283 3207 7
308 3156 460 3228 supplicio]
487 3156 623 3226 supplitio
646 3161 680 3223 P,
706 3154 826 3225 suplicio
849 3161 877 3209 L.
988 3154 1096 3209 8Tum
1118 3160 1151 3208 P:
1177 3156 1245 3208 tunc
1264 3162 1289 3208 c.

268 3233 302 3280 10
322 3232 493 3296 suppuratus
508 3234 540 3281 P:
560 3230 708 3296 soporatus
723 3233 748 3281 0.
806 3233 838 3280 12
859 3227 988 3281 custodia
1002 3226 1144 3297 educitur]
1163 3226 1291 3280 custodio

267 3299 381 3352 ducitur
399 3305 426 3351 P.
519 3299 703 3370 quamquam]
726 3315 870 3368 quaquam
889 3304 909 3351 B
927 3316 961 3353 111.
972 3316 1019 3367 pr.
1104 3296 1289 3370 1311101110]

266 3370 383 3424 triennii
393 3376 420 3423 P.
478 3377 511 3424 14
525 3369 656 3441 protulit]
671 3370 792 3439 pertulit
801 3377 828 3424 P.
886 3376 918 3423 16
934 3368 1077 3441 destituit]
1092 3369 1236 3423 destuitP.

266 3443 347 3512 quin]
367 3443 415 3509 qui
430 3443 460 3495 in
474 3449 502 3495 P.
559 3448 592 3495 17
611 3442 761 3513 indicium]
776 3442 912 3496 inditium
926 3448 954 3495 P.
1009 3441 1124 3512 vitium]
1138 3440 1245 3494 uicium
1259 3445 1289 3495 V.

269 3520 302 3567 18
321 3514 357 3566 iis
379 3515 554 3568 Vindelicos:
569 3514 613 3566 his
624 3519 654 3567 Δ.
709 3514 871 3583 proximic:
886 3513 1013 3583 proxime
1023 3518 1052 3565 P.
1108 3512 1290 3585 adstiterant]

267 3585 438 3638 abstiterant
456 3591 484 3639 P,
581 3592 615 3639 20
642 3583 751 3657 ablato]
778 3584 874 3639 oblato
898 3590 928 3637 v.
1019 3583 1174 3654 introduci]
1201 3584 1295 3637 intru-‘

267 3658 334 3709 duci
347 3663 378 3709 V.
440 3657 616 3781 Amyntam]
624 3656 763 3710 amintam
781 3661 838 3710 LV.
901 3662 933 3710 21
955 3655 1074 3709 Simian:
1094 3673 1161 3708 nam
1178 3657 1290 3723 carpsi:

267 3728 426 3781 simannam
444 3733 475 3783 Δ,
540 3734 574 3781 22
616 3728 738 3799 hilotan]
757 3727 898 3797 phylotan
915 3732 949 3792 B,
968 3726 1067 3781 filotan
1085 3733 1113 3780 L.
1173 3731 1206 3779 13
1225 3725 1291 3779 Phi-

267 3800 355 3871 lotae]
374 3799 510 3868 phylotae
524 3804 606 3853 BLV.
680 3804 715 3852 24
733 3799 905 3870 ministeria]
923 3798 1051 3853 misteria
1070 3804 1097 3852 P.
1172 3803 1205 3851 26
1226 3814 1293 3851 con-

266 3870 391 3942 ciliatos]
412 3870 577 3926 consiliatos
595 3878 623 3924 P.
1096 3909 1098 3914 .
