3150 4459
436 436 692 491 HISTORIARUM
710 436 925 491 lunxlnnlu
944 436 1016 502 VIII,
1037 443 1078 491 14.
1205 437 1270 501 305

245 602 375 667 tandem
397 601 527 687 fatigati
552 622 627 665 suos
651 600 775 684 impetn
799 603 956 683 sternunt,
979 603 1020 675 et,
1044 601 1100 683 qui
1122 603 1272 666 rexerant

245 713 309 774 eos,
332 690 536 775 praecipitati
561 690 734 754 interram
753 689 794 753 ab
814 690 894 772 ipsis
914 689 1153 754 obterebantur.
1186 688 1271 754 Iam-

245 803 306 865 que
336 802 492 866 pecorum
522 778 618 843 modo
650 780 753 864 magis
781 778 892 862 pavidi
923 800 1019 862 quam
1048 778 1160 843 infesti
1187 778 1272 842 ultra

245 871 346 934 aciem
376 869 601 956 exigebantur,
634 890 708 932 cum
736 867 841 933 Poma
871 868 1044 932 destitutus
1075 890 1094 931 a
1124 867 1271 951 pluribus
1291 883 1325 932 ³1

218 959 310 1024 atala
334 960 438 1024 multa
460 961 535 1022 ante
558 961 749 1041 praeparata
771 958 807 1021 in
830 957 1042 1021 circumfusos
1064 980 1104 1022 ex
1122 955 1271 1039 elephan-

244 1054 278 1112 to
297 1071 356 1113 suo
376 1049 484 1132 coepit
502 1047 656 1133 ingerere.
680 1045 859 1130 Multisque
880 1047 1006 1110 eminus
1024 1046 1202 1111 vulneratis
1220 1068 1272 1110 ex-

244 1139 371 1221 positus
400 1138 468 1220 ipse
496 1136 535 1200 ad
559 1135 643 1201 ictus
667 1135 810 1219 undique
834 1135 1011 1219 petebatur.
1055 1133 1184 1200 Novem
1208 1135 1271 1199 iam
1291 1152 1325 1200 aa

244 1228 376 1291 vulnera
404 1226 481 1290 hinc
504 1229 610 1309 terg0,
642 1224 733 1289 illinc
756 1229 887 1308 pectore
910 1228 1080 1308 exceperat
1102 1224 1272 1308 multoque

244 1317 402 1399 sanguine
421 1315 555 1399 profuso
574 1313 737 1400 languidis
757 1314 907 1378 manibus
926 1315 1031 1399 magis
1050 1314 1161 1397 elapsa
1174 1336 1271 1397 quam

205 1433 230 1472 ιο
244 1427 378 1469 excusse
410 1403 475 1468 tela
506 1403 665 1468 mittebat.
722 1402 794 1467 Nec
827 1404 958 1490 segnius
991 1403 1088 1467 belua
1119 1404 1273 1467 instincta
1291 1420 1325 1467 aa

243 1494 341 1576 rabie,
359 1494 504 1558 nondum
524 1493 633 1558 saucia
651 1491 865 1558 invehebatur
883 1492 1061 1575 ordinibus,
1085 1491 1187 1557 donec
1207 1513 1273 1556 rec-

244 1588 297 1648 tor
323 1584 437 1648 beluae
465 1604 575 1666 regem
604 1582 772 1666 conspexit
800 1582 976 1647 fluentibus
999 1582 1152 1647 membris
1177 1582 1273 1645 omis-

244 1674 352 1756 sisque
380 1672 479 1735 armia
506 1672 562 1735 vix
589 1674 774 1754 compotem
802 1672 928 1735 mentis.
975 1671 1057 1734 Tum
1086 1671 1214 1734 beluam
1239 1671 1273 1735 in
1292 1687 1327 1737 aa

242 1762 354 1845 fugem
389 1761 531 1825 concitat
564 1764 718 1843 sequente
750 1759 949 1824 Alexandro:
982 1760 1039 1824 sed
1070 1781 1172 1843 equus
1203 1759 1272 1824 eius

205 1876 229 1916 n
243 1849 355 1914 multis
379 1849 568 1914 vulneribus
592 1849 763 1913 confossus
788 1849 1003 1933 deficiensque
1022 1848 1197 1932 procubuit
1216 1870 1272 1932 po-

244 1940 306 2002 sito
341 1939 445 2025 magis
478 1960 553 2022 rege
587 1960 684 2022 quam
717 1938 828 2003 effuso.
882 1936 1011 2022 ltaque,
1045 1939 1122 2002 dum
1152 1960 1272 2021 equum
1292 1954 1326 2003 aa

243 2032 362 2110 mutat,
394 2027 518 2092 tardius
546 2027 712 2093 insecutus
740 2031 799 2091 est.
838 2025 981 2108 ,Interim
1011 2028 1113 2091 frater
1140 2026 1272 2111 Taxilis,

243 2119 329 2204 regis
352 2115 517 2196 Indorum,
543 2117 739 2201 praemissus
762 2116 803 2181 ab
827 2115 1011 2181 Alexandro
1040 2137 1170 2181 monere
1203 2138 1272 2181 coe-

243 2207 293 2290 pit
315 2205 445 2288 Porum,
468 2228 510 2270 ne
533 2205 649 2270 ultima
672 2206 813 2289 experiri
836 2210 1055 2289 perseveraret
1079 2206 1272 2289 dederetque
1302 2259 1326 2298 ,

204 2324 229 2361 so
244 2318 277 2359 se
301 2296 426 2359 victori.
473 2294 519 2358 At
541 2298 611 2380 ille,
644 2316 842 2378 quamquam
870 2296 1044 2360 exhaustae
1073 2299 1165 2360 erant
1187 2296 1272 2359 vires
1292 2313 1326 2362 ao

244 2384 479 2468 deficiebatque
508 2386 653 2470 sanguis,
683 2389 793 2448 tamen
817 2384 857 2449 ad
881 2389 994 2449 notem
1017 2405 1131 2449 vocem
1155 2385 1271 2448 excita·

243 2479 309 2538 tua:
333 2474 521 2557 ‘Agnosco',
544 2474 661 2557 inquit,
685 2474 822 2538 ‘Taxilis
845 2473 986 2557 fratrem,
1016 2474 1145 2558 imperii
1167 2474 1273 2558 regni·

245 2585 306 2647 que
335 2564 385 2627 sui
413 2563 614 2647 proditoris',
646 2567 678 2627 et
701 2562 817 2646 telum,
850 2563 937 2645 quod
967 2585 1068 2626 unum
1096 2563 1180 2627 forte
1205 2585 1272 2627 non

244 2653 422 2734 effluxerat,
445 2654 604 2716 contorsit
628 2652 662 2715 in
685 2675 772 2716 eum:
802 2652 890 2733 quod
912 2673 970 2735 per
992 2651 1136 2716 medium
1159 2656 1272 2735 pectus

203 2768 228 2809 aa
243 2741 425 2825 penetravit
448 2741 488 2804 ud
512 2745 650 2826 tergum.
687 2740 760 2806 Hoc
781 2740 899 2805 ultimo
918 2740 1049 2805 virtutis
1069 2762 1165 2824 opere
1185 2740 1271 2804 edito
1292 2757 1325 2806 3‘1

244 2833 355 2915 fugere
388 2831 492 2895 acrius
525 2832 641 2914 coepit.
713 2828 777 2894 Sed
810 2829 1000 2913 elephantus
1034 2851 1177 2914 quoque,
1217 2832 1270 2913 qui

243 2920 345 2983 multa
378 2924 547 3004 exceperat
578 2920 658 3002 tela,
691 2918 873 2985 deficiebat:
907 2920 1017 3003 itaque
1045 2920 1272 3002 sistit·fugam

317 3113 479 3182 ltandem]
500 3112 667 3165 tantundem
686 3118 714 3165 P.
794 3112 1081 3183 Pterram]terra1..
1156 3111 1272 3179 Iamque

247 3186 434 3238 Muetzellius:
459 3184 558 3251 itaque
582 3188 611 3235 Δ.
705 3188 722 3235 4
742 3183 910 3255 destitutus]
934 3182 1082 3237 distitntus
1106 3188 1126 3235 1.
1145 3200 1180 3237 m.
1191 3189 1272 3252 prP

245 3274 278 3308 m.
290 3273 335 3324 pr.
446 3254 577 3308 bmulta
597 3256 691 3325 Vopel:
716 3250 806 3308 multo
825 3260 855 3307 Α.
966 3254 1271 3326 bcoepit]cepit1..

246 3332 261 3378 8
281 3327 443 3397 exceperat]
463 3326 631 3393 excoeperat
645 3332 673 3379 P.
748 3330 785 3378 10,
802 3326 930 3397 excussa]
951 3342 1054 3380 excusa
1073 3332 1100 3379 P.
1176 3331 1207 3379 11
1228 3325 1271 3378 in-

246 3398 412 3468 vehebatur]
431 3398 601 3451 inueebatur
619 3402 648 3449 1..
723 3404 756 3450 12
777 3398 964 3469 omissisque]
976 3396 1130 3465 omisisque
1143 3401 1164 3449 B
1179 3416 1213 3451 m.
1227 3414 1271 3465 pr.

246 3475 327 3522 PPV.
402 3475 435 3524 15
456 3468 613 3539 confossus]
633 3467 764 3522 confusus
782 3474 806 3520 V
820 3487 855 3523 m.
867 3486 912 3539 pr.
988 3475 1021 3522 16
1041 3470 1119 3539 rege]
1139 3474 1272 3537 regemv

245 3559 279 3594 m.
291 3558 336 3609 pr.
453 3547 485 3594 19
510 3540 694 3611 dederetque]
720 3540 894 3608 dederecqne
912 3546 936 3592 V
1050 3546 1084 3605 22
1103 3540 1209 3611 inquit]
1229 3539 1270 3592 in-

245 3612 315 3679 quid
333 3616 389 3663 LV.
489 3610 596 3665 Taxilis
614 3618 640 3665 1:
661 3611 770 3665 taxillis
789 3617 820 3665 Δ,
931 3617 965 3665 28
983 3611 1137 3679 proditoris
1157 3619 1187 3664 ⁰:
1207 3628 1270 3680 pro-

246 3682 366 3736 ditorem
385 3690 412 3735 P.
519 3688 553 3735 24
571 3684 634 3754 per]
659 3700 709 3739 om.
725 3689 745 3734 P
764 3701 799 3737 m.
815 3700 861 3753 pr.
968 3687 1002 3736 25
1022 3682 1070 3754 ad]
1091 3684 1122 3736 at
1140 3688 1160 3734 P
1179 3700 1214 3737 m.
1227 3700 1269 3750 pr.

245 3760 278 3807 26
299 3754 404 3824 coepit]
424 3754 501 3823 cepit
519 3760 547 3807 L.
640 3760 673 3808 27
694 3755 855 3826 exceperat]
875 3756 1041 3822 excoeperat
1059 3760 1087 3807 P.
1181 3753 1270 3825 sistit]

245 3825 323 3879 sictit
341 3832 361 3877 L
376 3844 409 3879 m.
423 3844 467 3895 pr.

298 3925 403 3965 (tuncrus
418 3926 500 3966 Rurns
516 3926 550 3965 ed.
566 3926 703 3965 Hedicke.
733 3926 775 3965 nd.
791 3927 871 3965 maior.
1075 3920 1109 3967 20
