3150 4459
464 473 719 528 HISTORIARUM
737 471 954 526 ALEXANDRI
972 473 1006 539 X,
1027 479 1050 526 1.
1066 479 1090 526 2.
1226 473 1290 538 357

236 645 249 697 7
334 637 440 723 Igitur
470 656 544 701 xxx
570 636 708 701 navibus
738 635 875 699 Sunium
903 635 1129 700 transmittrmt
1152 674 1196 681 —
1219 655 1293 720 pro·-
1307 638 1334 692 Π

266 729 467 791 muntorium
492 729 541 790 est
563 726 693 791 Atticae
721 729 825 789 terrae
852 762 910 809 -,
939 726 1023 789 unde
1046 729 1177 809 portum
1203 725 1293 789 urbis

267 821 375 901 petere
399 817 614 881 decreverant.

334 905 396 969 His
425 905 565 990 cognitis
594 925 650 968 rex
679 904 824 988 Harpalo
852 902 1174 987 Atheniensibusque
1202 905 1328 968 iuxtaa

240 996 404 1060 sinfestus
429 994 563 1060 classem
589 994 695 1077 parari
718 993 809 1057 iubet
833 991 977 1057 Athenas
1001 994 1151 1076 protinus
1173 993 1293 1076 petitu-

266 1107 330 1148 rus.
378 1083 471 1160 Quod
500 1083 671 1147 consilium
696 1083 779 1149 clam
803 1083 941 1167 agitanti
963 1082 1091 1147 litterae
1115 1082 1328 1146 redduntura

266 1172 446 1257 Harpalum
468 1173 606 1236 intrasse
626 1173 756 1255 quidem
770 1169 926 1254 Athenas,
948 1173 1087 1255 pecunia
1105 1172 1294 1235 conciliasse

193 1314 196 1320 l
267 1262 330 1328 sihi
366 1263 551 1347 principum
584 1262 723 1326 animos:
760 1283 838 1326 mox
871 1261 1008 1326 concilio
1042 1260 1148 1344 plebis
1179 1260 1293 1325 habito

266 1352 390 1416 iussum
419 1351 501 1415 urbe
531 1351 682 1415 excedere
712 1351 752 1414 ad
782 1350 920 1414 Graecos
951 1350 1071 1413 milites
1101 1350 1294 1434 pervenisse,

226 1468 252 1505 10
266 1440 403 1505 navibus
424 1440 499 1504 inde
515 1438 644 1504 Cretam
658 1444 878 1504 transvectum
894 1441 991 1505 amico
1007 1440 1147 1522 quodam
1162 1443 1293 1504 auctore

268 1530 499 1613 interemptum
522 1552 581 1614 per
600 1530 742 1594 insidias
780 1528 842 1593 His
860 1530 965 1593 laetus
984 1529 1018 1592 in
1032 1528 1199 1612 Europam
1218 1528 1329 1591 troi-4

266 1620 370 1683 ciendi
399 1620 570 1685 consilium
599 1620 721 1703 omisit,
755 1618 810 1682 sed
838 1620 947 1682 exules
976 1622 1105 1702 praeter
1136 1639 1204 1702 ecs,
1236 1619 1293 1701 qui

266 1708 355 1773 cirili
378 1710 535 1794 sanguino
558 1710 679 1792 aspersi
704 1712 804 1791 erant,
834 1708 934 1791 recipi
958 1707 998 1771 ab
1023 1707 1173 1771 omnibus
1199 1705 1294 1770 Grae-

267 1819 377 1862 corum
402 1796 602 1881 civitatibus,
626 1798 699 1880 quis
723 1797 810 1881 pulsi
834 1800 939 1875 erant,
962 1797 1065 1860 iussit.
1112 1796 1157 1859 Et
1181 1793 1329 1859 (1111115

225 1912 252 1952 15
266 1886 352 1950 haud
372 1887 444 1950 ausi
461 1886 634 1969 imperium
653 1886 829 1971 aspernari,
851 1908 1047 1968 quamquam
1067 1884 1294 1949 solvendarum

265 1976 374 2061 legum
414 1975 448 2038 id
480 1976 677 2059 principium
711 1997 780 2040 esse
813 1975 1000 2059 censebant,
1037 1975 1123 2039 bona
1156 1996 1294 2058 quoque,

267 2086 348 2148 quae
372 2069 531 2147 extarent,
564 2066 733 2130 restituere
762 2065 931 2128 damnatis.
978 2062 1047 2128 Soli
1070 2062 1328 2147 Athenienses‚6

266 2176 333 2217 non
353 2154 403 2217 sui
421 2154 528 2236 modo,
548 2154 603 2217 sed
622 2155 720 2217 etiam
739 2154 892 2219 Graeciae
906 2153 1058 2235 vindices,
1078 2153 1294 2217 colluvionem

267 2243 417 2307 ordinum
445 2244 679 2327 hominumque
703 2264 799 2328 aegre
822 2242 969 2306 ferebant
991 2265 1057 2307 non
1081 2242 1171 2327 regio
1195 2242 1295 2325 impe-

225 2358 252 2398 ac
266 2333 330 2416 rio,
362 2332 417 2396 sed
442 2331 570 2417 legibus
594 2333 804 2416 moribusque
826 2333 942 2417 patriis
965 2332 1034 2418 regi
1058 2331 1196 2397 adsueti:
1220 2340 1328 2415 pro-7

265 2420 399 2484 hibuere
429 2421 531 2507 igitur
563 2422 673 2486 exules
703 2422 823 2486 finibus
854 2421 963 2485 omnia
990 2421 1101 2506 potius
1123 2420 1294 2485 toleraturi

267 2532 363 2593 quam
395 2515 609 2595 purgamenta
642 2512 804 2595 quondam
837 2511 927 2575 urbis
961 2532 1049 2595 suae,
1086 2514 1164 2575 tunc
1196 2509 1293 2573 etiam

266 2598 356 2663 exilii
379 2600 596 2664 admitterent.

233 2695 250 2747 8
333 2688 517 2753 Alexander
548 2689 730 2755 senioribus
758 2690 900 2754 militum
927 2689 962 2752 in
987 2688 1126 2773 patriam
1150 2687 1328 2752 1111111118

225 2795 330 2843 1111111
352 2777 443 2842 milia
465 2778 612 2862 peditum
637 2782 669 2842 ct
691 2797 718 2842 Π
740 2779 832 2843 milia
855 2780 1014 2862 equitum,
1048 2799 1130 2860 quae
1158 2778 1191 2839 in
1216 2775 1294 2839 Asia
1370 2814 1372 2819 ·

266 2868 429 2950 retineret,
457 2867 535 2954 eligi
562 2867 658 2932 iussit
688 2868 878 2932 existimans
901 2868 1028 2932 modico
1053 2867 1197 2930 exercitu
1221 2887 1294 2929 con-

265 2957 369 3019 tinere
396 2978 492 3040 posse
515 2955 627 3020 Asiam
634 3010 642 3041 ,
673 2957 749 3040 quia
772 2957 921 3041 pluribus
944 2957 1024 3022 locis
1047 2955 1208 3040 praesidia
1232 2954 1294 3017 dis-

340 3156 353 3202 1
373 3149 611 3220 promuntorium]
631 3150 838 3217 promutorium
856 3155 883 3203 Ρ.
971 3156 987 3202 2
1007 3148 1132 3220 Atticae]
1152 3148 1243 3201 aticae
1261 3153 1292 3200 V.

267 3221 362 3292 41111]
382 3237 416 3273 ex
435 3225 503 3274 Pro.
515 3238 559 3289 pr.
623 3221 760 3292 Harpalo]
781 3220 879 3290 arpalo
899 3228 924 3274 0.
1000 3226 1014 3272 6
1035 3220 1109 3273 clam
1124 3220 1247 3290 agitanti
1265 3225 1292 3272 1:

267 3292 341 3345 clam
359 3291 473 3361 agitant
486 3297 515 3357 P,
535 3310 599 3345 cum
614 3292 687 3346 clam
704 3292 798 3362 agitat
812 3300 838 3346 c.
884 3299 909 3345 κ1
929 3292 1098 3362 Harpalum]
1118 3291 1246 3359 arpalum
1266 3298 1291 3344 c.

267 3368 283 3415 8
311 3363 484 3446 principum]
507 3363 674 3432 printipium
699 3370 767 3417 Lm.
779 3382 825 3433 pr.
922 3363 1042 3435 animos]
1067 3380 1145 3416 amos
1164 3367 1184 3414 P
1200 3381 1235 3417 m.
1245 3381 1290 3431 pr.

267 3439 300 3487 10
324 3434 443 3488 navibus
467 3435 533 3488 mdc
555 3432 668 3489 Cretam
691 3437 883 3490 transvectum
906 3438 1010 3489 amico
1034 3435 1157 3502 quodam
1180 3436 1291 3503 carpsi:

266 3505 369 3574 quibus
389 3506 578 3575 interceptum
597 3507 770 3560 trucidatum
792 3506 947 3574 aquodam
966 3510 996 3558 A.
1054 3512 1086 3560 11
1106 3505 1170 3576 His]
1189 3505 1244 3559 hiis
1263 3511 1291 3558 1..

267 3582 300 3629 12
324 3577 419 3631 omisit
438 3584 463 3631 1:
489 3577 584 3631 emisit
602 3582 632 3631 A.
762 3584 795 3631 15
820 3578 1017 3631 solvendarum
1036 3583 1062 3630 1:
1087 3576 1242 3630 solidarum
1260 3580 1291 3629 Δ.

267 3653 299 3700 11
316 3648 471 3720 damnatis]
487 3649 648 3717 dampnatis
667 3655 697 3703 V.
755 3654 789 3703 18
809 3649 853 3702 sui
868 3650 990 3717 Ieepiua:
1010 3665 1060 3702 suo
1080 3653 1110 3700 A.
1158 3647 1292 3702 Graeciae

264 3721 376 3789 scripsi:
404 3720 518 3788 publice
546 3725 577 3773 Δ.
697 3726 730 3773 19
759 3720 890 3774 ordinum
917 3722 1075 3789 Zumptias:
1105 3719 1232 3773 ordinem
1260 3723 1291 3772 A.

265 3790 467 3859 hominumque
496 3793 618 3860 laepias:
651 3792 797 3845 hominum
825 3792 893 3860 quia
920 3796 943 3843 Δ
971 3792 1126 3862 [hominem
1154 3791 1222 3859 quia
1249 3791 1290 3862 1‘].

266 3868 299 3915 23
319 3863 409 3933 exilii]
429 3862 515 3915 exilia
532 3868 560 3916 L.
617 3868 651 3917 26
671 3863 750 3935 eligi]
770 3857 845 3933 elegi
864 3868 891 3917 P.
949 3868 981 3915 27
1002 3863 1082 3933 quia]
1100 3861 1150 3930 qui
1166 3869 1186 3914 P
1200 3879 1295 3927 rape.
