3150 4459
310 388 377 451 344
691 385 722 451 Q,
743 385 853 440 CURTI
873 385 958 439 RUFI

309 549 424 615 ultima
447 551 577 616 sibimet
600 549 836 614 ominabantur.
884 549 1003 614 Beluae
1030 570 1170 632 quoque
1197 548 1349 614 fiuctibus

255 657 289 705 aa
309 640 482 703 destitutae
510 639 672 703 terribiles
701 638 910 725 vagabantur.
962 636 1097 720 Iamque
1124 660 1197 702 uox
1226 638 1377 722 adpetet]

308 728 377 810 bat,
411 734 443 793 et
473 750 582 815 regern
615 750 745 811 quoque
778 727 961 812 desperatio
991 727 1107 791 salutis
1139 727 1349 812 aegritudine

308 817 478 884 adfecerat.
533 816 610 881 Non
643 822 749 881 tamen
784 818 942 881 invictum
975 815 1123 881 animum
1159 838 1268 881 curae
1302 817 1350 881 ob

307 913 416 990 ruunt,
435 907 514 990 quin
533 910 603 971 tota
621 910 716 971 noete
735 906 920 990 persederet
938 906 973 970 in
992 904 1135 989 speculis
1151 906 1349 989 equitesque
1368 934 1376 971 r

307 997 529 1078 praemitteret
560 995 600 1059 ad
631 1017 667 1059 os
698 996 817 1079 amnis,
850 999 899 1078 ut,
933 1017 1007 1059 cum
1034 1016 1126 1059 mare
1151 1017 1278 1060 rursus
1303 1018 1350 1059 ex-

254 1102 287 1151 24
309 1091 454 1149 aestuare
482 1084 671 1169 sensissent,
701 1084 937 1168 praecederent.
983 1082 1126 1168 Navigia
1152 1088 1350 1167 quoquest

307 1173 446 1238 lacerata
474 1174 564 1239 refici
592 1178 624 1237 et
652 1195 763 1238 eversa
793 1174 947 1238 fluctibus
972 1173 1054 1258 erigi
1077 1172 1172 1237 iubet
1198 1178 1349 1256 paratos-

307 1285 370 1345 que
393 1285 463 1327 esse
487 1268 519 1327 et
542 1262 693 1345 intentos,
718 1284 791 1326 cum
815 1284 927 1326 rursus
951 1284 1040 1327 mare
1063 1265 1168 1325 terras
1189 1263 1349 1327 inundas-

253 1370 287 1418 25
307 1355 364 1415 set.
402 1352 486 1416 Tota
509 1374 546 1416 ea
568 1356 663 1415 nocte
682 1352 767 1415 inter
785 1352 914 1437 vigilias
934 1351 1254 1434 adhortationesque
1275 1374 1378 1418 con-1⁰

307 1446 438 1524 sumpta
468 1441 615 1505 celeriter
645 1445 677 1504 et
708 1441 833 1523 equites
862 1441 987 1526 ingenti
1010 1461 1106 1503 cursu
1129 1440 1295 1525 refugere
1318 1446 1348 1505 et

306 1535 437 1595 secutus
467 1534 516 1594 est
544 1534 661 1593 aestus.
708 1528 771 1605 Qui
794 1531 900 1613 primo
925 1530 1018 1613 aquis
1041 1529 1108 1592 leni
1130 1532 1249 1593 tractu
1275 1531 1348 1595 sub-

306 1618 458 1683 euntibus
488 1619 595 1703 ooepit
622 1620 729 1683 levare
756 1620 901 1704 navigia,
933 1639 1011 1683 mox
1037 1617 1116 1683 totis
1140 1621 1277 1701 campis
1301 1621 1347 1684 in-

252 1727 286 1775 26
306 1707 436 1772 undatis
469 1709 566 1772 etiam
599 1707 720 1791 inpulit
752 1709 896 1773 classem.
957 1707 1159 1790 Plaususque
1193 1709 1348 1773 militum

305 1798 567 1879 nauticorumque
594 1798 790 1880 insperatam
822 1797 959 1860 salutem
983 1795 1147 1860 inmodico
1174 1796 1379 1864 celebran-rr

306 1888 388 1950 tium
418 1887 536 1971 gaudio
567 1886 718 1951 litoribus
746 1888 889 1969 ripisque
919 1885 1099 1951 resonabat.
1147 1883 1251 1951 Unde
1277 1895 1347 1952 tan-

305 1978 375 2039 tum
399 1975 535 2040 redisset
558 1976 668 2040 subito
693 1997 789 2059 mare,
816 1997 880 2059 qno
905 1976 1008 2058 pridie
1030 1974 1216 2059 refugisset,
1245 1999 1347 2060 quae⁴

305 2086 380 2127 nam
400 2070 485 2129 esset
507 2065 648 2129 eiusdem
667 2065 811 2129 elementi
834 2069 951 2128 natura
969 2063 1066 2129 modo
1084 2063 1219 2147 discors,
1242 2067 1346 2131 modo

305 2153 441 2237 imperio
479 2158 663 2237 temporum
701 2153 856 2237 obnoxia,
895 2152 1080 2217 mirabundi
1115 2152 1345 2234 requirebant.

252 2261 285 2310 27
305 2241 376 2305 Rex
400 2264 472 2306 cum
497 2265 535 2306 ex
561 2265 608 2324 eo,
632 2243 719 2325 quod
743 2242 911 2322 acciderat,
936 2243 1131 2307 coniectaret
1155 2246 1236 2324 post
1263 2244 1347 2309 solis
1360 2272 1382 2310 ao

306 2335 415 2396 ortum
445 2336 567 2395 statum
595 2336 723 2414 tempus
752 2354 835 2415 esse,
868 2332 974 2396 media
1002 2336 1110 2413 nocte,
1142 2335 1181 2392 ut
1210 2339 1346 2398 aestum

306 2425 493 2504 occuparet,
520 2442 592 2484 curn
616 2420 729 2504 paucis
752 2421 891 2505 navigiis
916 2421 1056 2484 secundo
1080 2441 1174 2483 amne
1200 2419 1347 2487 defluxit

305 2515 501 2593 evectusque
525 2532 561 2573 os
586 2510 654 2574 eius
679 2526 766 2574 cccc
790 2510 893 2574 stadia
917 2511 1075 2593 processit
1098 2510 1132 2572 in
1155 2530 1250 2573 mare
1273 2516 1345 2575 tan-

306 2599 377 2662 dem
402 2600 471 2663 voti
495 2601 545 2662 sui
570 2621 710 2682 compos.
756 2598 1028 2681 Praesidibusque
1055 2603 1087 2662 et
1109 2599 1210 2661 maris
1234 2604 1273 2663 et
1298 2602 1345 2664 lo-

306 2709 418 2752 corum
442 2688 491 2751 dis
516 2688 675 2752 sacrificio
699 2689 785 2752 facto
811 2687 851 2751 ad
875 2688 1009 2752 classem
1033 2687 1137 2751 rediit.
1359 2716 1381 2755 aa

267 2785 291 2838 X
374 2776 461 2843 Hinc
493 2778 662 2841 adversum
695 2777 815 2841 flumen
845 2778 934 2840 subit
964 2777 1076 2841 classis
1100 2782 1132 2839 et
1155 2775 1263 2841 altero
1291 2778 1346 2843 die
1359 2783 1390 2838 38

305 2866 442 2950 adpulsa
474 2871 523 2931 est
556 2866 642 2929 haud
674 2868 788 2949 procul
816 2866 888 2929 lacu
917 2868 1016 2950 salso,
1049 2864 1140 2930 ouius
1165 2864 1344 2951 incognita

304 2960 421 3019 natura
434 2956 607 3039 plerosque
621 2955 747 3038 decepit
761 2960 881 3020 temere
892 2956 1055 3040 ingressos
1065 2976 1190 3037 aquam.
1207 2952 1343 3040 Quippe

304 3044 428 3109 scabies
453 3066 590 3127 corpora
612 3045 746 3127 invasit,
781 3049 813 3108 et
837 3045 1024 3129 contagium
1047 3042 1154 3107 morbi
1177 3043 1280 3108 ctiam
1308 3046 1343 3109 in

268 3134 384 3200 aelios
418 3134 588 3219 vulgatum
616 3138 672 3197 est.
720 3132 835 3197 Oleum
868 3133 1009 3197 remedio
1041 3132 1113 3196 fuit.
1164 3130 1342 3200 Leonnato
1357 3162 1383 3201 ao

376 3279 391 3326 3
411 3277 440 3327 et
458 3273 566 3344 regem]
590 3291 641 3328 om.
661 3280 730 3327 Pm.
741 3292 787 3342 pr.
887 3272 1076 3343 aegritudine]
1101 3271 1292 3341 aegretudine
1314 3281 1341 3327 c.

304 3351 319 3398 5
343 3345 504 3413 persederet
530 3351 563 3398 P:
589 3344 748 3414 persideret
776 3350 802 3398 c.
914 3350 929 3397 6
954 3344 1129 3414 exaestuare]
1159 3344 1279 3396 extuare
1309 3350 1340 3399 Ρ.

305 3421 338 3469 10
363 3415 409 3486 ea]
433 3433 483 3470 om.
505 3422 528 3468 V
547 3434 581 3469 m.
598 3433 642 3485 pr.
745 3421 778 3469 13
803 3415 907 3487 levare]
935 3415 1034 3469 lauare
1058 3421 1085 3467 P.
1186 3413 1341 3469 inundatis

302 3489 415 3556 scripsi:
436 3488 608 3541 inundantes
627 3493 657 3540 Δ.
738 3493 771 3540 15
791 3487 1035 3556 nauticorumque
1056 3486 1177 3541 Ginaia:
1203 3486 1341 3541 nautico-

302 3576 365 3611 rum
385 3563 415 3611 Δ.
509 3558 726 3630 celebrantium]
750 3558 956 3613 celebrancium
977 3564 1004 3611 P.
1094 3563 1127 3611 18
1151 3557 1341 3611 ctementiB

274 3683 279 3698 ,
302 3648 337 3683 m.
352 3646 417 3683 sec:
437 3631 540 3684 mentis
559 3636 582 3682 Δ
653 3636 686 3684 21
707 3646 777 3696 csse,
796 3630 1077 3685 mediall'robeaias:
1098 3630 1173 3683 esset
1190 3627 1289 3682 media
1308 3635 1340 3696 Ρ,

304 3716 367 3755 esse
397 3704 427 3756 et
457 3701 552 3755 media
578 3707 603 3755 0.
713 3708 748 3755 24
775 3700 1030 3836 praesidibusque]
1056 3699 1274 3769 praesidiusque
1305 3706 1339 3756 V.

305 3778 339 3826 27
359 3771 449 3833 haud]
469 3772 540 3826 haut
553 3778 581 3825 P.
655 3772 730 3844 lacu]
749 3772 831 3827 laccu
849 3778 880 3825 V.
955 3778 988 3826 28
1032 3772 1132 3842 uippe]
1151 3770 1251 3839 Quppe
1270 3776 1301 3825 F.
