3150 4459
483 455 735 510 HISTORIARUM
755 455 969 510 ALEXANDRI
986 456 1031 522 ΠΙ,
1053 462 1094 509 13,
1253 456 1295 520 37

268 618 421 706 ingentis
454 620 639 705 opulentiae
672 620 775 704 plena,
807 619 906 684 facies
939 620 1034 684 etiam
1068 621 1297 704 praedantibus

269 710 391 793 tristis,
410 710 437 774 si
457 732 521 793 qua
538 731 590 773 res
609 710 774 774 avaritiam
796 712 983 775 moraretur.
1030 708 1156 794 Quippe
1175 714 1224 774 tot
1243 733 1296 774 an-

271 821 396 864 norum
423 798 603 864 incredibili
636 803 668 862 et
699 798 796 863 fidem
825 799 997 865 excedente
1029 800 1160 864 fortuna
1189 822 1295 864 cumu-

270 890 343 953 lata
361 892 440 953 tunc
458 888 521 953 alia
535 888 690 973 stirpibus
704 889 854 971 lacerata,
873 888 936 954 alia
955 889 987 952 in
1004 911 1138 953 caenum
1153 889 1297 954 demersa

239 977 503 1045 soernebantur:
521 1000 586 1044 non
606 978 813 1044 sufficiebant
831 977 1054 1062 praedantium
1074 1001 1188 1044 manus
1207 1001 1296 1062 prae·

219 1068 345 1132 151111.
391 1065 524 1151 lamque
547 1068 642 1132 etiarn
673 1068 712 1131 ad
741 1089 806 1153 eos,
835 1068 890 1152 qui
914 1068 1011 1151 primi
1035 1068 1194 1153 fugerant,
1222 1091 1295 1132 ven·
1319 1085 1348 1132 12

271 1160 452 1221 tumeret:
482 1157 619 1221 feminae
647 1158 820 1241 pleraeque
848 1179 965 1241 parvos
989 1157 1152 1222 trahentes
1176 1157 1296 1222 liberos

272 1247 376 1311 ibant.
422 1244 511 1311 Inter
534 1269 613 1331 quas
637 1250 703 1313 tres
726 1248 816 1311 fuere
840 1247 992 1332 virgines,
1021 1245 1112 1331 Ochi,
1141 1248 1198 1331 qui
1222 1251 1295 1312 ante

271 1336 416 1401 Dareum
449 1340 647 1422 regnaverat,
679 1335 778 1420 filiae,
817 1336 895 1402 olim
929 1335 1058 1419 quidem
1092 1358 1131 1400 ex
1162 1337 1294 1422 fastigio

227 1454 256 1493 ro
272 1429 411 1510 paterno
439 1447 545 1490 rerum
575 1426 755 1490 mutatione
780 1425 954 1506 detractae,
985 1427 1040 1490 sed
1072 1431 1143 1490 tum
1177 1430 1295 1492 sortem

273 1537 387 1579 earum
411 1515 571 1579 crudelius
591 1516 788 1600 adgravante
811 1515 952 1580 fortuna.
998 1513 1037 1579 In
1061 1516 1172 1580 eodem
1197 1532 1348 1601 gregale

273 1625 360 1669 uxor
382 1626 510 1689 quoque
533 1604 675 1669 eiusdem
700 1603 781 1671 Ochi
805 1604 869 1669 fuit
888 1602 1105 1689 Oxathrisque
1130 1643 1171 1651 -
1196 1605 1296 1668 frater

271 1694 329 1759 hic
352 1697 421 1757 erat
445 1692 540 1757 Darei
564 1732 608 1739 —
631 1693 699 1757 filia
729 1699 761 1758 et
784 1694 925 1758 coniunx
948 1691 1112 1777 Artabazi,
1139 1693 1294 1779 principis

272 1786 537 1867 purpuratorum,
550 1782 714 1867 filiusque:
736 1782 900 1867 Hystanes
913 1783 977 1847 fuit
990 1805 1116 1848 nomen.
1154 1782 1295 1848 Pharna·
1315 1800 1349 1849 14

225 1898 255 1939 15
271 1871 347 1936 bazi
375 1892 517 1956 quoque,
546 1872 598 1936 cui
626 1894 786 1937 summum
814 1872 986 1956 imperium
1009 1874 1191 1937 maritimae
1220 1896 1295 1938 orae

271 1983 332 2025 rex
364 1960 507 2044 dederat,
544 1956 626 2026 uxor
663 1983 735 2025 cum
771 1961 840 2025 filio
874 1965 1006 2045 excepta
1040 1966 1101 2045 est,
1138 1962 1295 2027 Mentoris

271 2051 361 2115 filiae
388 2054 454 2115 tres
482 2072 519 2115 ac
542 2050 739 2115 nobilissimi
768 2051 858 2115 ducis
881 2051 1064 2115 Memnonis
1093 2052 1233 2116 coniunx
1263 2057 1294 2116 et

271 2140 375 2220 filius,
402 2142 521 2224 vixque
544 2140 611 2204 ulla
635 2140 749 2205 domus
772 2141 942 2225 purpurati
966 2140 1050 2204 afuit
1075 2145 1182 2205 tantae
1202 2140 1292 2207 cladi.

270 2228 516 2295 Lacedaemonii
553 2233 586 2293 et
618 2228 834 2295 Athenienses
872 2231 1035 2295 societatis
1073 2231 1136 2294 fide
1173 2232 1347 2296 violatore

224 2347 255 2387 ao
270 2318 388 2384 Persas
417 2318 531 2384 secuti:
564 2317 771 2405 Aristogiton
799 2323 832 2383 et
860 2319 1019 2414 Dropides
1047 2325 1079 2384 et
1106 2319 1294 2404 Iphicrates,

271 2408 359 2473 inter
394 2407 607 2474 Athenienses
640 2431 756 2494 genere
794 2410 943 2493 famaque
980 2409 1077 2495 longe
1114 2409 1294 2494 clarissimi,

268 2497 516 2563 Lacedaemonii
530 2497 690 2583 Pasippus
706 2502 738 2563 et
749 2497 1010 2564 Onomastorides
1026 2521 1099 2564 cum
1114 2497 1294 2563 Onomante

270 2591 304 2652 et
326 2585 538 2669 Callicratide,
561 2586 595 2651 hi
616 2609 745 2672 quoque
764 2588 853 2653 domi
871 2587 1006 2653 nobiles.
1049 2587 1181 2653 Summa
1199 2611 1293 2673 pecu·
1314 2606 1347 2654 16

269 2675 345 2741 niae
370 2676 514 2762 signatae
536 2676 600 2741 fuit
623 2676 782 2742 talentum
805 2695 831 2741 11
855 2676 945 2742 milia
973 2681 1005 2741 et
1028 2683 1186 2762 sescenta,
1215 2679 1292 2743 tacti

227 2792 255 2833 ss
270 2766 398 2851 argenti
430 2765 557 2850 pondus
588 2766 765 2852 quingenta
798 2766 964 2852 aequabat.
1020 2766 1188 2831 Praeterea
1220 2786 1293 2831 xxx

343 2930 360 2977 2
379 2923 539 2995 avaritiam]
564 2924 685 2978 auaritia
704 2931 731 2977 P.
824 2929 839 2976 3
859 2925 1019 2979 incredibili
1042 2926 1148 2979 Laeter:
1173 2925 1293 2979 incredi-

268 2994 358 3049 bilem
377 2999 407 3047 A.
463 2995 693 3050 coemebantur
711 3002 736 3049 1:
757 2995 926 3050 eruebantur
945 3001 974 3049 A.
1038 3000 1180 3051 8tres1’:
1200 3004 1293 3051 cmc.

270 3073 305 3121 11
324 3066 439 3123 fortuna
458 3074 483 3119 1:
503 3068 604 3120 natura
623 3072 653 3120 A.
729 3075 761 3122 12
782 3066 969 3135 Oxathrisque
988 3069 1206 3123 Freinshemius:
1227 3085 1293 3122 oxa-

268 3137 378 3206 trisque
395 3143 424 3204 P,
445 3138 609 3206 oxatrixque
624 3146 649 3192 (1
719 3144 750 3193 14
770 3138 901 3208 filiusque
920 3140 1030 3210 Staupl:
1050 3139 1124 3193 filius
1144 3140 1189 3193 cui
1208 3144 1238 3193 A.

268 3209 412 3279 Hystanes
431 3211 543 3279 scripsi:
563 3210 668 3264 ilioneo
687 3215 717 3264 A.
811 3210 986 3264 Pharnabazi
1005 3214 1113 3266 Leues:
1132 3212 1293 3280 pharnaba-

269 3280 313 3335 zei
332 3286 363 3334 A.
456 3282 751 3352 leorae]h01aec.
852 3287 885 3334 17
904 3282 1072 3353 Memnonis]
1099 3283 1245 3337 nemnonis
1264 3289 1292 3336 P.

270 3358 305 3407 18
324 3352 400 3407 afuit
417 3355 515 3407 tantae
534 3353 609 3407 cladi
623 3355 734 3422 screbat:
754 3353 810 3406 fuit
828 3355 926 3408 tantae
945 3354 1035 3408 cladis
1049 3360 1079 3407 A.
1155 3360 1187 3408 19
1207 3355 1293 3408 Athe·

268 3424 382 3479 nienses
400 3429 420 3476 1²
439 3442 473 3477 m.
484 3442 543 3493 pa:
566 3425 738 3479 atheniensis
758 3432 782 3477 c.
871 3425 977 3480 violata
995 3431 1015 3478 Ρ
1034 3445 1068 3480 m.
1080 3444 1138 3494 pr:
1157 3443 1213 3480 non
1233 3427 1291 3480 uio·

268 3495 331 3550 lata
350 3502 376 3548 0.
450 3501 483 3549 20
502 3496 678 3566 Aristogiton
692 3498 799 3551 Larsa:
820 3497 988 3566 aristogiton
1003 3502 1033 3550 A.
1107 3499 1135 3551 et
1154 3496 1292 3566 Dropides

267 3568 431 3651 Zarnptius:
451 3569 480 3621 et
497 3568 643 3637 thropides
662 3574 689 3634 P,
709 3568 871 3637 ethropides
891 3575 915 3620 (t.
989 3568 1143 3637 lphiorates
1164 3571 1290 3626 Medius:

267 3639 474 3706 lechrcratesl’,
489 3638 664 3694 lehicratesc
680 3639 830 3711 [leucrates
840 3640 881 3710 11].
933 3645 966 3692 22
982 3640 1121 3709 Pasippus
1132 3641 1290 3709 Zumptias:

266 3711 420 3781 passippus
430 3715 460 3763 A.
517 3710 673 3765 Onomante
686 3713 798 3781 scripsi:
814 3709 906 3765 omaio
917 3716 947 3764 A.
1004 3718 1037 3765 23
1053 3712 1129 3765 domi
1144 3729 1194 3766 om.
1206 3717 1235 3764 V.

265 3781 407 3909 pequlqiae
419 3781 549 3910 pigpiathp
556 3783 731 3909 {robepiulqr
750 3783 875 3914 pecungg
886 3782 1077 3917 signataffiA.2
1112 3790 1145 3838 24
1165 3783 1290 3908 Humilia]

268 3874 289 3909 u
358 3895 364 3908 .
432 3870 465 3908 ac
540 3870 785 3910 oeuszace.
895 3874 1047 3911 xxxma
1085 3874 1219 3913 xxxx«
