3150 4459
328 427 392 491 190
703 428 734 494 Q.
754 426 863 481 22221
882 428 969 482 sorr

326 590 450 676 dignor,
474 590 638 656 immineo!
661 589 729 655 lam
753 592 878 675 pridem
901 594 1030 657 nativus
1053 593 1108 657 ille
1132 614 1237 656 sermo
1263 615 1352 658 com-

325 680 444 744 mercio
463 680 598 745 aliarum
617 683 763 766 gentium
782 682 935 747 exolevit:
955 687 1021 746 tam
1041 681 1228 759 victoribus,
1249 705 1350 765 quam

273 787 306 834 24
325 769 420 835 vietis
443 771 612 855 peregriua
634 769 746 855 lingua
769 771 922 835 discenda
944 775 1000 835 est.
1047 770 1132 854 Non,
1155 771 1351 856 mehercule,

326 859 389 923 ista
411 880 463 922 me
485 859 590 943 magis
613 858 752 943 laedunt,
776 880 873 943 quam
893 860 979 943 quod
993 859 1162 943 Amyntas,
1175 859 1350 925 Perdiccae

325 947 425 1031 filius,
461 948 630 1012 insidiatus
662 953 711 1014 est
741 949 820 1035 regi.
872 948 951 1013 Cum
986 971 1050 1033 quo
1084 949 1170 1033 quod
1203 949 1350 1014 amicitia
1377 982 1389 1020 5

325 1036 424 1101 fuerit
446 1037 537 1119 mihi,
558 1058 625 1101 non
643 1058 755 1102 recuso
777 1037 954 1123 defendere,
978 1040 1006 1103 si
1023 1040 1156 1103 fratrem
1174 1038 1261 1124 regis
1281 1061 1350 1104 non

272 1142 306 1190 25
326 1127 470 1210 oportuit
502 1126 595 1213 diligi
626 1149 645 1190 a
672 1126 776 1190 nobis.
823 1126 881 1191 Sin
913 1134 1021 1192 autem
1049 1129 1082 1191 in
1110 1129 1167 1192 illo
1197 1127 1349 1191 fortunae

325 1216 428 1300 gradu
464 1217 607 1300 positum
643 1216 740 1280 etiam
771 1218 916 1281 venerari
948 1238 1077 1281 2002222
1109 1221 1190 1299 erat,
1227 1222 1350 1299 utrum,

326 1325 458 1388 quaeso,
489 1305 576 1388 quod
598 1326 665 1370 non
694 1305 849 1389 divinavi,
880 1328 954 1371 reus
982 1327 1068 1389 sum,
1100 1329 1141 1370 an
1171 1305 1348 1389 impiorum

326 1394 438 1459 amicis
470 1393 653 1459 insontibus
686 1415 815 1478 quoque
847 1395 1048 1461 moriendum
1081 1395 1151 1459 est?
1193 1394 1286 1471 Quod
1321 1396 1349 1459 si
1364 1428 1390 1467 1⁰

235 1538 237 1542 Α
326 1504 462 1566 aequum
486 1487 544 1566 est,
568 1488 715 1548 curtam
739 1484 795 1548 diu
818 1486 915 1549 vivo?
941 1486 968 1548 21
991 1485 1157 1567 iniustum,
1181 1505 1237 1548 eur
1259 1506 1350 1548 nuno

272 1588 306 1635 22
325 1575 434 1635 tamen
465 1571 613 1637 occidor?
650 1572 696 1636 At
721 1574 807 1637 enim
837 1574 953 1659 scripsi
977 1574 1120 1639 misereri
1151 1596 1203 1637 me
1226 1595 1350 1656 eorum,

327 1660 444 1744 quibus
475 1659 648 1726 vivendum
680 1667 764 1726 22221
797 1661 857 1726 221)
891 1685 942 1745 eo,
972 1664 1027 1747 qui
1061 1684 1094 1726 22
1126 1660 1213 1726 Iovis
1240 1662 1349 1726 filium

326 1749 477 1815 erederet.
523 1750 618 1814 Fides
651 1751 826 1835 amicitiae,
858 1753 925 1816 veri
953 1752 1079 1816 consilii
1106 1752 1287 1836 periculosa
1311 1752 1349 1815 li-

326 1838 441 1921 bertas,
468 1860 520 1904 eos
543 1861 595 1904 me
618 1840 802 1924 decepistis!
825 1863 892 1924 vos,
922 1863 1004 1925 quae
1027 1841 1212 1925 sentiebam,
1235 1862 1277 1905 ne
1299 1863 1390 1912 re-15

273 1929 468 2010 2211021212,
490 1928 667 2013 inpulistisl
692 1928 867 2014 Scripsisse
891 1952 941 1994 me
959 1929 1039 1994 haec
1056 1930 1161 1995 fateor
1179 1930 1257 2015 regi,
1280 1951 1350 1994 non

327 2016 366 2082 de
388 2038 463 2102 rege
488 2018 693 2103 [2021221222]
729 2018 806 2083 Non
826 2020 910 2084 enim
929 2019 1087 2084 faciebam
1105 2019 1267 2101 invidiam,
1291 2018 1349 2082 sed

325 2128 384 2190 pro
413 2129 450 2171 eo
477 2107 639 2172 timebam.
686 2107 825 2193 Dignior
854 2108 934 2172 mihi
960 2107 1141 2173 Alexander
1169 2107 1348 2192 videbatur,

326 2196 383 2277 qui
405 2193 493 2260 lovis
517 2196 649 2280 stirpem
673 2197 793 2262 tacitus
821 2201 1022 2283 agnosceret,
1056 2220 1152 2282 quam
1177 2198 1233 2281 qui
1257 2219 1348 2281 prae-

273 2303 307 2349 28
328 2284 487 2348 dicatione
506 2285 648 2351 iactaret.
688 2284 751 2350 Sed
771 2288 923 2369 quoniam
944 2286 1066 2351 oraculi
1085 2287 1164 2351 fides
1184 2289 1269 2349 certa
1289 2290 1348 2368 est,
1362 2318 1390 2358 20

327 2373 370 2436 211
388 2374 466 2437 dens
485 2395 598 2438 causae
612 2396 701 2440 meae
715 2376 821 2440 testis:
841 2378 976 2440 retinete
989 2398 1041 2439 me
1055 2376 1090 2439 in
1104 2376 1249 2456 vinculis
1269 2375 1347 2438 dum

326 2463 505 2527 consulitur
532 2462 687 2546 Hammo,
715 2487 793 2528 num
821 2487 969 2529 arcanum
1000 2469 1032 2528 et
1056 2467 1217 2529 occultum
1241 2463 1347 2529 202122

326 2552 461 2615 inierim.
509 2551 572 2628 Qui>
590 2574 698 2639 regem
717 2558 865 2618 nostrum
885 2555 1036 2640 diguatus
1055 2558 1104 2619 est
1122 2553 1225 2618 filium
1244 2556 1347 2617 nomi-

326 2662 411 2719 nare,
424 2643 585 2706 neminem
604 2664 725 2724 eorum,
748 2644 804 2726 qui
824 2643 918 2727 stirpi
937 2665 1012 2707 suae
1032 2643 1174 2707 insidiati
1194 2647 1279 2723 sunt,
1302 2643 1347 2705 la

273 2748 306 2795 29
325 2734 393 2793 tere
407 2731 555 2814 patietur.
590 2730 623 2795 Si
641 2734 778 2795 certiora
793 2732 931 2798 oraculis
947 2732 1077 2796 creditis
1093 2754 1162 2795 esse
1175 2736 1346 2813 tormenta,
1360 2763 1387 2803 2⁶

326 2841 365 2883 ne
397 2818 481 2883 hanc
513 2819 642 2903 quidem
670 2821 868 2886 exhibendae
897 2822 1041 2886 veritatis
1064 2822 1160 2885 fidem
1184 2821 1345 2904 deprecor.

273 2926 307 2974 30
327 2906 439 2972 Solent
468 2909 513 2972 rei
538 2909 653 2993 capitis
677 2909 828 2974 adhibere
851 2910 943 2974 vobis
966 2915 1123 2994 parentes.
1169 2909 1260 2973 Duos
1284 2909 1346 2972 fra-
1360 2918 1399 2975 4⁰

327 3002 392 3061 tres
420 3020 480 3084 ego
508 3019 610 3082 nuper
640 3000 744 3083 amisi,
776 3004 901 3084 patrem
929 3002 988 3065 rico
1016 3000 1183 3064 ostendere
1212 3019 1345 3083 possum

326 3108 385 3150 220
414 3086 563 3151 invocare
591 3088 707 3170 audeo,
738 3110 811 3153 oum
840 3093 873 3152 et
900 3090 968 3173 1222
996 3090 1080 3153 tanti
1103 3088 1247 3152 criminis
1271 3110 1346 3151 reus

400 3244 706 3315 lsermo]sermonev.
763 3247 930 3301 commercio
953 3246 1116 3300 commertio
1126 3251 1153 3298 P.
1210 3244 1345 3297 31221122-

326 3315 401 3386 0210]
415 3315 564 3370 neheroule
579 3322 599 3368 P
612 3334 645 3369 m.
657 3335 702 3386 pr.
758 3317 932 3386 ldmyntas
959 3318 1081 3372 amintas
1095 3322 1176 3369 PLV.
1232 3315 1345 3370 Perdic-

327 3387 388 3457 cae]
407 3387 552 3455 perdictae
566 3393 596 3440 V.
660 3394 693 3440 12
712 3390 808 3443 tamen
826 3390 1018 3444 Eberhardos:
1038 3387 1151 3442 demum
1165 3394 1195 3441 A.
1260 3388 1345 3441 miae-

326 3458 393 3528 reri]
412 3459 543 3512 miserere
562 3465 630 3513 Pro.
640 3477 687 3529 pr.
751 3466 783 3513 15
803 3477 859 3515 ooo
877 3476 921 3513 me
940 3465 965 3512 1:
986 3478 1030 3513 me
1043 3466 1073 3512 Δ.
1135 3465 1168 3513 16
1187 3458 1332 3527 impulistis

326 3528 468 3597 inpolistis
482 3536 502 3582 P
516 3549 550 3584 m.
561 3549 606 3599 pr.
678 3536 709 3584 17
727 3532 898 3602 [scripsisse]
913 3532 963 3586 dcl.
978 3533 1077 3586 Aldus.
1148 3536 1181 3584 19
1196 3531 1245 3599 qui
1259 3531 1332 3584 lovis

327 3600 376 3668 qui
395 3601 456 3654 ouis
471 3606 501 3655 V.
565 3608 597 3654 21
619 3602 668 3673 211]
687 3603 755 3656 siv.
828 3604 885 3674 me]
905 3620 956 3657 om.
973 3608 1002 3656 V.
1076 3608 1109 3655 22
1129 3602 1258 3668 Hammo,
1277 3620 1345 3655 num

325 3674 436 3741 scrupeas:
447 3673 608 3726 ammodum
617 3678 647 3727 Δ.
704 3675 849 3746 arcanum]
864 3674 1017 3728 archanum
1026 3679 1132 3726 mv.
1188 3678 1222 3726 23
1232 3673 1345 3727 inierim

327 3745 448 3810 Ieepias:
467 3744 581 3796 interim
600 3750 630 3797 A.
693 3746 867 3801 nominare
886 3747 951 3800 odd.
968 3746 1132 3800 Eossoems.
1196 3750 1229 3797 24
1249 3745 1345 3815 stirpi]

327 3813 414 3891 stirpe
432 3821 452 3867 P
467 3833 500 3868 nr.
511 3834 556 3884 pr.
613 3822 646 3869 26
666 3816 797 3888 certiora]
817 3817 940 3870 cerciora
953 3822 980 3871 P.
1041 3816 1113 3888 esse]
1132 3818 1206 3871 esset
1219 3822 1239 3867 P
1253 3834 1288 3870 m.
1299 3834 1344 3885 pr.
