3150 4459
436 423 690 479 HISTORIARUM
708 424 922 479 ALEXANDRI
940 425 999 491 1111,
1019 430 1043 479 2,
1059 430 1083 479 3.
1223 425 1267 489 49

242 610 328 673 opus
353 589 522 654 circumire
546 594 730 674 coeperunt,
757 589 937 656 missilibus
962 611 1090 674 quoque
1118 611 1183 672 eos,
1212 590 1268 674 qui

241 700 305 764 pro
345 700 443 763 opere
480 678 624 760 stabant,
660 680 826 744 incessere.
881 678 994 744 Multis
1032 701 1109 765 ergo
1147 678 1268 763 inpune
1287 695 1320 743 22

242 768 440 853 vulneratis,
468 789 542 833 cum
570 772 603 833 et
629 789 793 834 removere
822 773 854 833 et
881 768 1042 852 adpellere
1069 768 1205 853 scaphas
1233 769 1268 831 iu

243 856 400 941 expedito
423 862 515 941 esset,
538 858 580 923 ad
603 879 712 923 curam
735 858 948 943 semetipsos
972 858 1084 922 tuendi
1107 858 1147 922 ab
1173 880 1268 942 opere

243 950 483 1013 converterant.
528 946 581 1030 Et,
600 969 664 1031 quo
683 948 814 1033 longius
834 946 936 1012 moles
951 948 1108 1035 agebatur
1127 970 1146 1011 a
1164 948 1269 1028 litore,

242 1036 309 1101 hoo
325 1036 443 1122 magis,
462 1036 620 1121 quidquid
638 1036 855 1123 ingerebatur,
876 1036 1055 1119 praealtum
1074 1036 1269 1101 absorbebat

243 1148 343 1190 mare.
403 1124 508 1210 Igitur
540 1148 597 1191 rex
628 1126 850 1191 munientibus
887 1126 974 1190 coria
1007 1124 1141 1210 velaque
1173 1126 1268 1190 iussit
1287 1142 1321 1190 22

244 1214 391 1299 obtendi,
422 1219 460 1279 ut
492 1219 583 1280 extra
610 1215 668 1279 teli
696 1216 817 1280 iactum
846 1219 961 1300 essent,
991 1215 1134 1299 duasque
1164 1220 1267 1280 turres

243 1326 285 1367 ex
309 1306 417 1387 capite
440 1304 536 1370 molis
560 1305 670 1387 erexit,
694 1327 711 1369 e
735 1304 853 1388 quibus
876 1304 910 1368 in
933 1304 1108 1369 subeuntes
1133 1304 1268 1388 scaphas

242 1393 311 1458 tela
341 1394 446 1479 ingeri
475 1399 617 1478 possent.
671 1392 797 1458 ¹Contra
826 1394 916 1479 Tyrii
945 1393 1076 1479 navigia
1104 1394 1219 1478 procul
1249 1411 1321 1458 224

245 1486 422 1567 conspectu
445 1482 590 1548 hostium
613 1483 704 1548 litori
727 1483 895 1568 adpellunt
914 1483 1134 1567 expositisque
1157 1484 1268 1548 militi·

243 1573 307 1637 bus
337 1594 403 1657 eos,
432 1573 490 1655 qui
518 1594 596 1637 saxa
623 1572 802 1658 gestabant,
831 1573 1034 1638 obtruncant.
1080 1570 1119 1636 In
1142 1573 1268 1638 Libano

245 1683 377 1747 quoqne
391 1660 537 1726 Arabum
556 1665 700 1747 agrestes
714 1662 938 1746 inconpositos
952 1662 1143 1727 Macedonas
1164 1663 1269 1727 adorti

243 1769 321 1816 xxx
362 1753 429 1816 fere
464 1752 666 1816 interficiunt
701 1752 909 1837 paucioribus
951 1752 1062 1835 captis.
1126 1751 1176 1815 Ea
1216 1758 1313 1816 resIII

244 1840 468 1907 Alexandrum
492 1840 635 1905 dividere
658 1840 767 1925 copias
793 1844 899 1927 coegit
922 1846 963 1925 et,
986 1863 1026 1905 ne
1051 1841 1192 1927 segniter
1216 1842 1268 1905 ad—

245 1931 352 1996 sidere
375 1931 433 1994 uni
456 1931 529 1994 urbi
547 1930 720 2012 videretur,
743 1932 834 2016 operi
853 1929 1029 1995 Perdiccan
1049 1929 1268 2014 Crateronque

245 2020 413 2105 praefecit,
436 2020 506 2103 ipse
529 2041 602 2085 cum
625 2020 776 2105 expedita
799 2042 897 2084 manu
920 2019 1076 2084 Arabiam
1099 2021 1203 2105 petiit.

312 2107 404 2173 Inter
431 2108 510 2173 haee
533 2108 623 2194 Tyrii
650 2131 766 2174 navem
789 2109 1013 2195 magnitudine
1042 2110 1160 2173 eximia
1182 2110 1267 2174 saxis
1287 2127 1303 2173 2

244 2198 430 2282 harenaque
445 2220 464 2261 2
482 2201 584 2283 puppi
603 2204 777 2282 oneratam,
797 2200 844 2262 ita
863 2202 899 2262 ut
917 2198 1057 2262 multum
1076 2221 1173 2282 prora
1192 2200 1267 2262 emi-

245 2292 347 2371 neret,
376 2286 534 2352 bitumine
562 2310 599 2352 ac
626 2288 782 2373 sulphure
810 2287 936 2352 inlitam
965 2287 1062 2352 remis
1090 2289 1269 2352 concitave-

245 2381 332 2461 nmt,
363 2381 405 2460 et,
435 2399 508 2442 cum
538 2398 689 2462 magnam
718 2380 785 2442 rim
815 2377 904 2441 venti
933 2377 1005 2442 vela
1036 2398 1164 2461 quoque
1195 2399 1268 2442 con-

246 2468 422 2552 cepissent,
451 2468 598 2532 celeriter
629 2467 668 2530 ad
698 2467 818 2531 molem
849 2468 1010 2531 successit.
1057 2465 1140 2529 Tum
1172 2484 1303 2550 prorae

246 2556 315 2621 eius
346 2578 481 2621 accensa
509 2559 648 2641 remiges
679 2556 838 2621 desiluere
867 2556 903 2621 in
933 2556 1082 2640 scaphas,
1115 2578 1196 2639 quae
1227 2556 1268 2619 ad

245 2646 309 2711 hoc
332 2646 441 2729 ipsum
465 2650 672 2729 praeparatae
695 2646 922 2729 sequebantur,
944 2647 1037 2710 navis
1061 2649 1168 2709 autem
1192 2647 1267 2730 igne

246 2738 403 2818 concepto
426 2735 525 2799 latius
549 2735 683 2800 iimdere
701 2735 885 2799 incendium
905 2736 1021 2818 coepit,
1046 2735 1141 2819 quod,
1164 2738 1267 2819 prius-

246 2846 345 2910 quam
368 2829 479 2907 posset
503 2826 639 2906 occurri,
669 2830 774 2888 turres
799 2827 831 2887 et
855 2828 961 2889 cetera
985 2847 1082 2909 opera
1104 2824 1139 2888 in
1162 2826 1267 2907 capite

245 2915 343 2978 molis
362 2915 470 2997 posita
484 2914 724 2998 conprehendit.
771 2915 817 2977 At
836 2913 891 2996 qui
907 2915 1102 2978 desiluerant
1120 2913 1268 2996 inparve
1287 2931 1303 2978 4

245 3004 386 3088 navigia,
407 3004 494 3068 faces
514 3006 556 3086 et,
580 3003 741 3086 quidquid
764 3002 878 3066 alendo
903 3003 972 3088 igni
997 3007 1109 3086 aptum
1133 3008 1210 3084 erat,
1234 3003 1267 3066 in

246 3093 357 3157 eadem
379 3114 476 3176 opera
495 3094 656 3178 ingerunt.
702 3090 836 3176 lamque
859 3114 925 3156 non
948 3094 1031 3156 imae
1050 3092 1146 3155 modo
1165 3091 1268 3155 Maee-

247 3182 368 3246 donum
391 3185 505 3267 turres,
533 3183 710 3246 sedetiam
734 3203 859 3245 summa
887 3181 1032 3245 tabulata
1055 3185 1268 3265 conceperant

319 3329 332 3376 1
352 3322 521 3393 missilibus]
535 3322 676 3376 misilibus
691 3328 716 3378 c.
791 3337 903 3389 quoque
918 3336 965 3373 eos
979 3326 1005 3373 1:
1021 3337 1068 3374 eos
1083 3336 1194 3388 quoque
1209 3326 1266 3374 AB.

245 3392 464 3479 tabsorbebat]
484 3393 655 3448 absordebat
673 3399 731 3475 V..
779 3392 1146 3475 Flinare]more1²ru.pr.
1219 3409 1268 3446 rex

244 3464 421 3606 difflari
431 3481 478 3606 peri
496 3470 554 3589 A}
567 3470 662 3607 moliri
676 3464 824 3590 iiiiiitiielr)1
841 3470 871 3519 v·
882 3540 914 3588 13
935 3463 1267 3589 addidiulliladlildiiindlli

246 3616 278 3663 lo
294 3608 498 3680 Crateronque]
509 3610 679 3698 cateronqne
689 3612 717 3659 B.
776 3613 808 3660 19
824 3607 951 3690 upuppi]
962 3607 1121 3690 2222212.Ι
1162 3612 1196 3660 20
1211 3607 1268 3659 221-

243 3680 347 3751 phure]
368 3681 509 3748 suphurae
523 3685 554 3733 V.
628 3686 657 3732 22
679 3678 883 3747 conprehendit
901 3684 933 3730 L:
954 3679 1137 3746 conpreendrt
1154 3684 1183 3744 P,
1203 3695 1267 3731 con-

243 3752 360 3822 prendit
379 3757 460 3805 BFV.
544 3752 593 3823 At]
613 3752 649 3805 ad
668 3756 723 3804 Pv.
802 3756 836 3803 29
856 3750 940 3803 imae
958 3750 1023 3804 add.
1036 3751 1208 3820 Madvigius.

242 3824 629 3895 modo]om.am.pr.1³m.
644 3827 833 3891 prvmpr.

298 3925 405 3964 0222222
420 3922 501 3963 Rurus
516 3922 551 3962 ed.
565 3922 702 3961 Hedicke.
732 3922 774 3961 Ed.
790 3922 869 3960 maior.
1090 3914 1107 3961 4
