3150 4459
466 430 720 485 HISTORIARUM
737 431 953 486 ALEXANDRI
970 432 1004 499 V,
1025 440 1047 487 6.
1065 440 1088 487 7.
1224 435 1285 499 131

265 595 352 657 mani
376 596 483 659 cultus
498 594 636 680 vestigio
661 596 793 660 attoniti
817 596 1028 660 intuebantur
1050 601 1091 681 et,
1114 602 1287 683 antequam
1350 657 1352 660 .

263 687 320 748 lux
345 704 474 767 quoquc
493 687 526 747 et
549 686 673 749 caelum
687 685 775 769 ipsos
795 684 975 770 deficerent,
993 687 1110 751 reverti
1124 687 1287 753 iubebant.

263 772 333 836 Puer
364 774 521 859 castigare
549 774 679 838 territos
707 773 900 858 supersedit,
937 778 1078 839 ceterum
1107 775 1176 859 ipse
1204 799 1287 861 equo
1308 793 1342 841 14

264 864 394 926 desiluit
423 862 585 947 pedesque
608 884 667 947 per
696 864 786 928 nives
815 866 847 927 et
875 867 1058 929 concretam
1081 864 1217 951 glaciem
1241 867 1286 931 in·

237 952 354 1035 egredi
384 953 498 1035 coepit.
548 952 758 1017 Erubuerunt
789 973 855 1017 non
889 953 980 1036 sequi
1007 953 1149 1039 primum
1183 956 1288 1038 amici,

265 1041 377 1105 deinde
402 1042 567 1124 copiarum
591 1042 704 1124 duces,
731 1042 772 1104 ad
795 1042 947 1106 ultimum
971 1042 1100 1107 milites,
1146 1042 1288 1109 Primus-

265 1152 326 1213 que
357 1152 412 1193 rex
446 1130 578 1194 dolabra
609 1131 746 1216 glaciem
778 1131 984 1217 perfringens
1016 1133 1078 1196 iter
1111 1132 1173 1196 sibi
1196 1133 1287 1199 fecit:

263 1221 446 1303 exemplum
468 1219 554 1305 regis
578 1221 676 1284 ceteri
699 1220 819 1284 imitati
842 1226 925 1285 sunt.
958 1220 1341 1306 Tandempropemc·1o

265 1310 341 1373 dum
364 1308 468 1373 invias
497 1310 594 1374 silvas
618 1309 739 1373 emensi
766 1309 901 1373 humani
925 1312 1032 1374 cultus
1056 1332 1128 1374 rara
1151 1311 1288 1396 vestigia

224 1421 250 1460 ιο
264 1404 296 1461 et
327 1400 449 1482 passim
478 1403 620 1463 errantes
646 1418 801 1485 pecorum
828 1420 944 1484 greges
971 1417 1153 1485 repperere:
1187 1403 1219 1464 et
1241 1402 1288 1465 in·

264 1488 362 1573 colae,
386 1488 442 1570 qui
466 1489 586 1572 sparsis
610 1487 751 1572 tuguriis
770 1487 972 1571 habitabant,
996 1509 1070 1553 cum
1093 1510 1128 1553 se
1151 1491 1287 1554 callibus

263 1577 359 1640 inviis
384 1581 511 1660 saeptos
535 1598 604 1640 esse
629 1577 847 1658 credidissent,
866 1580 903 1641 ut
926 1599 1121 1663 conspexere
1143 1578 1287 1646 hostium

264 1688 389 1820 lette
398 1666 1111 1842 11111ἷὲ0111113311110111111111
1125 1671 1288 1843 tlt‘tb
1306 1772 1341 1821 1⁶

225 1865 249 1903 rs
265 1845 427 1927 colloquia
450 1844 651 1929 captivorum
679 1845 837 1931 paulatim
866 1844 995 1909 feritate
1018 1844 1169 1931 mitigata
1190 1846 1288 1911 tradi·

264 1934 339 1997 dere
363 1956 396 1998 se
419 1934 497 2019 regi.
543 1932 613 1997 Nee
635 1934 670 1997 in
694 1933 820 1998 deditos
843 1934 975 2018 gravius
999 1935 1193 1999 consultum.

329 2022 474 2087 Vastatis
484 2022 558 2086 inde
569 2022 801 2107 agrisPersidis
809 2023 952 2106 vicisque
963 2023 1172 2106 conpluribus
1179 2025 1293 2106 redac-¹
1307 2040 1340 2089 17

263 2113 305 2176 tis
325 2113 359 2175 in
377 2116 572 2196 potestatem
592 2116 725 2176 ventum
740 2112 838 2175 estin
852 2111 1039 2176 Mardorum
1053 2116 1182 2198 gentem
1196 2112 1288 2178 belli-

265 2222 370 2265 cosam
396 2205 428 2265 et
446 2202 586 2265 multum
606 2224 625 2265 a
644 2202 758 2265 ceteris
776 2200 884 2266 Persis
905 2203 993 2265 cultu
1011 2202 1097 2266 vitae
1116 2202 1288 2269 abhorren-
1319 2226 1348 2282 ¹·

222 2311 249 2348 ao
263 2295 337 2356 tem.
385 2289 508 2374 Specus
537 2292 570 2353 in
598 2291 765 2353 montibus
793 2290 935 2373 fodiunt,
968 2291 1001 2353 in
1025 2312 1106 2375 quos
1130 2313 1228 2374 seque
1251 2313 1309 2357 ac·

264 2380 416 2465 coniuges
437 2385 469 2443 et
487 2380 608 2445 liberos
628 2380 781 2463 condunt,
800 2400 951 2463 pecorum
968 2384 1023 2443 aut
1036 2381 1178 2444 ferarum
1193 2403 1286 2445 carne

262 2474 444 2532 vescuntur.
506 2467 557 2533 Ne
589 2469 718 2533 feminis
752 2469 881 2551 quidem
915 2491 974 2553 pro
1007 2474 1140 2533 naturae
1172 2469 1286 2534 habitu
1307 2484 1340 2533 18

263 2559 411 2622 molliora
435 2557 565 2644 ingenia
588 2562 676 2623 sunt:
700 2579 811 2623 comae
834 2558 1020 2642 prominent
1041 2558 1155 2642 hirtae,
1187 2561 1287 2624 vestis

263 2670 359 2731 super
383 2668 487 2731 genua
509 2652 565 2731 cst,
589 2648 690 2712 funda
714 2647 862 2712 vinciunt
885 2648 1039 2711 frontem:
1062 2646 1125 2712 hoc
1144 2651 1176 2712 et
1196 2670 1287 2711 orna-

221 2755 248 2793 to
264 2741 408 2801 mentum
436 2737 552 2820 capitis
583 2741 616 2802 et
637 2737 739 2802 telum
764 2741 821 2800 est.
868 2734 931 2800 Sed
953 2736 1036 2799 hauc
1060 2759 1189 2821 quoque
1212 2759 1286 2823 gen·
1307 2753 1340 2801 la

262 2832 327 2889 tem
357 2826 440 2890 idem
465 2827 615 2890 fortunae
638 2827 778 2909 impetus
803 2825 936 2890 domuit.
983 2824 1099 2907 Itaque
1122 2827 1286 2891 tricesimo

263 2916 322 2999 die,
346 2919 520 2998 postquam
544 2914 747 2999 sPersepoli
769 2914 935 2999 profectus
959 2918 1036 2997 erat,
1059 2915 1171 2979 eodem
1194 2915 1286 2979 redit.

262 3004 357 3068 Dona
387 3004 501 3068 deinde
534 3005 647 3069 amieis
678 3004 856 3088 ceterisque
888 3025 948 3087 pro
982 3004 1140 3087 cuiusque
1169 3005 1340 3069 meritone

262 3094 359 3158 dedit.
406 3093 644 3177 Propemodum
669 3095 791 3177 omnia,
824 3115 906 3177 quae
929 3094 963 3156 in
987 3115 1024 3156 ea
1046 3094 1126 3158 urbe
1149 3098 1287 3178 ceperat,

221 3198 249 3238 ³⁰
263 3184 444 3246 distributa.
1373 3189 1375 3194 ’

206 3267 246 3323 22
331 3270 478 3336 Ceterum
503 3274 649 3358 ingentia
672 3270 772 3335 animi
796 3272 894 3354 bona,
925 3272 1015 3335 illam
1038 3270 1194 3355 indolem,
1223 3292 1287 3354 qua
1300 3276 1353 3332 VII

263 3383 375 3425 omnes
402 3383 493 3446 reges
521 3362 707 3444 antecessit,
739 3361 830 3425 illam
863 3359 897 3423 in
927 3360 1102 3424 subeundis
1134 3360 1286 3443 periculis

335 3608 518 3679 liubebant]
533 3607 710 3678 iugebantv.
766 3607 936 3678 tglaciem]
951 3606 1070 3678 glatiem
1082 3613 1109 3660 L.
1167 3613 1200 3659 14
1214 3605 1285 3660 nivi·

262 3680 327 3750 bus]
341 3680 464 3734 nubibus
479 3685 534 3733 Π.
614 3685 646 3732 17
666 3677 806 3749 Vastatis]
820 3677 967 3733 uastitatis
980 3682 1001 3729 Ρ
1014 3696 1048 3731 m.
1059 3695 1104 3748 pr.
1188 3684 1221 3731 22
1236 3696 1287 3731 na·

262 3752 354 3823 turae]
373 3754 492 3805 nuturae
507 3757 527 3803 P
542 3769 575 3804 m.
586 3769 632 3820 pr.
706 3755 741 3804 23
759 3749 852 3803 hirtus
871 3755 897 3803 1:
916 3750 1017 3818 hyrtae
1031 3754 1061 3803 Δ.
1136 3754 1170 3803 27
1188 3749 1286 3804 Perse-

261 3821 321 3891 poli
340 3829 365 3875 1:
386 3823 522 3893 persipoli
540 3826 570 3876 Δ.
645 3828 679 3875 29
699 3824 814 3889 ceperat
832 3827 857 3874 1:
878 3822 1009 3890 coeperat
1027 3826 1057 3876 Δ.

1097 3910 1134 3963 Ψ
