3150 4459
306 425 373 491 288
686 426 717 491 Q.
739 425 850 479 CURTI
869 425 955 479 RUFI

308 611 381 655 rore
409 610 544 673 corpora
572 589 703 669 adfecit,
736 594 1021 673 opportunumque
1047 588 1231 653 remedium
1257 588 1347 675 ignis

271 678 453 743 soblatum
487 683 544 743 est.
602 677 710 743 Caesis
744 680 864 763 quippe
897 678 988 743 silvis
1019 677 1184 743 flammam
1222 680 1347 743 exeita-

306 771 432 850 rerunt,
456 789 537 851 quae
557 768 655 853 lignis
674 768 753 833 alita
772 768 1009 851 oppidanorum
1033 766 1179 850 sepulcra
1206 788 1345 853 conpre-

305 856 427 922 hendit.
460 856 599 922 Vetusta
617 858 713 922 cedro
732 862 824 921 erant
842 856 929 922 facta
947 860 1206 940 conceptumque
1226 859 1344 942 ignem

271 945 370 1011 elate
400 946 525 1030 fudere,
557 947 659 1011 donee
689 947 799 1011 omnia
829 948 899 1011 eolo
930 950 1179 1028 aequatasunt.
1229 945 1279 1010 Et
1304 970 1345 1012 ex
1371 971 1382 1010 ι

306 1036 385 1100 urbe
417 1036 557 1119 primum
581 1057 697 1101 canum
719 1038 872 1118 latratus,
904 1035 1018 1099 deinde
1042 1034 1139 1099 etiam
1163 1033 1344 1101 hominum

306 1125 456 1190 fremitus
478 1125 608 1190 auditus
632 1128 689 1188 est.
727 1124 818 1188 Tunc
841 1129 874 1189 et
898 1125 1051 1209 oppidani
1071 1125 1200 1188 hostem
1221 1129 1255 1188 et
1270 1124 1343 1189 Ma·

254 1232 287 1282 lo
306 1213 443 1279 cedones
471 1213 512 1277 ad
539 1214 652 1279 urbem
683 1216 772 1297 ipsos
795 1217 921 1279 venisse
944 1217 1152 1300 cognoscunt.
1199 1211 1344 1299 Iamque

243 1306 246 1312 '
306 1325 362 1367 rex
381 1302 536 1368 eduxerat
555 1305 664 1387 copias
686 1307 718 1367 et
736 1302 865 1368 moenia
885 1303 1063 1386 obsidebat,
1086 1324 1159 1365 curn
1179 1301 1343 1388 hostium,

307 1394 364 1477 qui
393 1393 565 1457 discrimen
587 1396 846 1476 temptaverant,
878 1391 985 1457 obruti
1014 1392 1089 1457 telis
1117 1394 1201 1456 sunt
1249 1392 1343 1457 Aliis
1358 1418 1382 1457 n

306 1503 383 1566 ergo
409 1482 614 1565 deditionem,
637 1482 711 1545 aliis
729 1504 874 1568 pugnam
893 1483 1033 1566 experiri
1053 1481 1210 1565 placebat.
1250 1480 1343 1558 Quo-

306 1593 379 1635 rum
406 1572 609 1636 dubitatione
637 1576 790 1655 conperta
818 1572 1045 1637 circumsederi
1069 1575 1197 1634 tantum
1222 1592 1280 1635 eos
1308 1576 1344 1637 et

306 1660 461 1725 abstineri
489 1660 640 1725 caedibus
669 1661 777 1725 iussit:
811 1660 1004 1745 tandemque
1033 1659 1214 1724 obsidionis
1233 1661 1342 1726 ⁴malis

253 1766 285 1814 11
306 1750 435 1834 fatigati
458 1751 609 1815 dedidere
633 1771 675 1815 se.
722 1749 888 1815 ALibero
910 1749 1008 1814 Patre
1031 1749 1180 1814 conditos
1205 1771 1240 1813 se
1264 1773 1342 1815 esse

254 1856 286 1903 12
306 1839 468 1904 dicebant:
489 1844 523 1904 et
536 1862 612 1903 vera
625 1839 706 1904 haec
720 1839 813 1923 origo
830 1844 906 1903 erat.
932 1838 1002 1903 Sita
1020 1842 1070 1903 est
1083 1840 1158 1903 urbs
1173 1838 1234 1903 sub
1250 1841 1342 1929 radi7
1357 1863 1380 1903 ιι

306 1930 401 1993 cibus
435 1929 570 2011 montis,
608 1950 704 2013 quem
736 1928 850 1993 Meron
889 1928 1015 1994 incolae
1048 1930 1225 2011 appellant:
1260 1929 1342 1994 inde

308 2016 422 2082 Graeci
449 2017 626 2083 mentiendi
653 2022 781 2082 traxere
808 2018 988 2101 licentiam,
1021 2014 1108 2081 Iovis
1136 2016 1258 2082 femine
1283 2018 1341 2083 Li-

254 2125 286 2171 13
307 2107 421 2171 berum
442 2106 570 2172 Patrem
593 2130 662 2172 esse
686 2108 834 2172 celatum.
872 2106 941 2171 Rex
965 2107 1031 2170 situ
1054 2107 1175 2171 montis
1199 2110 1340 2192 cognito
1356 2112 1390 2167 tt

306 2220 346 2261 ex
373 2197 489 2262 incolis
518 2219 589 2260 cum
622 2199 693 2260 toto
724 2196 867 2261 exercitu
890 2196 1075 2280 praemissis
1099 2196 1340 2261 commeatibus

308 2288 460 2351 verticem
494 2288 562 2350 eius
596 2286 748 2350 ascendit
801 2286 906 2350 Multa
938 2285 1057 2350 hedera
1087 2284 1228 2367 vitisque
1262 2290 1339 2352 toto
1355 2313 1379 2351 ro

255 2391 286 2438 14
306 2375 454 2460 gignitur
481 2380 603 2459 monte,
635 2374 756 2439 multae
778 2396 935 2460 perennes
959 2396 1061 2457 aquae
1084 2378 1225 2437 manant.
1273 2374 1340 2440 Po·

305 2486 432 2528 morum
457 2484 586 2548 quoque
608 2464 691 2529 rarii
715 2464 925 2548 salubresque
949 2464 1018 2528 suci
1043 2468 1118 2528 sunt
1140 2486 1197 2530 sua
1216 2470 1340 2548 sponte

305 2554 516 2618 fortuitorum
544 2555 727 2639 germinum
753 2554 863 2640 fruges
894 2554 992 2618 humo
1017 2553 1187 2617 nutriente.
1233 2551 1339 2619 Lauri

305 2642 449 2728 buxique
479 2646 512 2707 et
544 2644 642 2727 myrti
674 2643 707 2706 in
740 2643 806 2709 illis
834 2642 972 2726 rupibus
1001 2644 1136 2727 agrestis
1166 2644 1214 2706 est
1242 2642 1337 2708 silva.

254 2749 286 2796 15
307 2731 410 2797 Credo
435 2732 584 2818 equidem
607 2754 674 2796 non
698 2733 808 2797 divino
833 2733 1000 2816 instinctu,
1029 2732 1084 2796 sed
1107 2731 1240 2795 lascivia
1264 2753 1339 2798 esse
1354 2758 1379 2799 es

305 2826 491 2906 provectos,
520 2826 557 2886 ut
586 2821 706 2905 passim
740 2822 875 2886 hederae
908 2843 945 2886 ac
976 2821 1091 2885 vitium
1119 2820 1199 2885 folia
1227 2820 1337 2885 decer-

379 2965 659 3030 lopportunumque
679 2966 699 3013 B
718 2979 752 3016 m.
770 2979 832 3018 sec:
860 2964 1085 3030 oportunumque
1104 2965 1134 3013 A.
1210 2966 1224 3013 3
1245 2960 1336 3031 lignis

306 3035 410 3088 Faber:
430 3034 491 3104 igni
510 3038 540 3089 A.
611 3033 818 3102 oppidanorum
836 3039 862 3086 1:
888 3033 1075 3101 opidanorum
1094 3037 1124 3085 Δ.
1189 3032 1336 3105 sepulcra]

307 3104 457 3189 sepulchra
476 3110 587 3159 ΗΠ.
680 3104 897 3176 conprehendit]
917 3104 1102 3186 conpreendit
1119 3109 1148 3157 L.
1229 3109 1256 3185 Ι6
1275 3106 1336 3173 pri-

305 3177 594 3320 thiedildi
618 3182 652 3301 222⁷.
671 3176 750 3316 2³3⁰
768 3182 801 3229 Ρ·
821 3180 883 3301 lln
895 3175 1335 3318 tsiddttttidtttl

305 3339 340 3374 m.
354 3338 399 3388 pr.
455 3319 531 3389 aliie]
546 3319 619 3373 alius
633 3325 654 3372 P
668 3338 703 3373 m.
713 3338 759 3390 pr.
815 3338 854 3388 pu
875 3320 953 3390 nam]
968 3336 1064 3388 pugna
1078 3325 1103 3370 0.
1161 3325 1193 3371 12
1214 3318 1333 3371 circum-

307 3391 398 3445 sederi
416 3398 449 3445 P:
476 3390 670 3445 circumsideri
689 3399 715 3446 c.
799 3398 833 3445 14
853 3338 987 3445 dedidere
1006 3394 1153 3444 Briareo:
1179 3389 1282 3443 dedere
1300 3395 1333 3443 A.

307 3470 340 3517 15
359 3464 439 3518 urbs
457 3464 524 3518 add.
543 3464 697 3517 Eberhard.
792 3468 824 3515 16
844 3462 942 3516 Meron
960 3467 980 3514 B
995 3480 1030 3515 m.
1050 3479 1114 3516 rec:
1138 3476 1282 3514 memoron
1300 3467 1333 3515 Δ.

308 3540 340 3588 17
350 3534 519 3605 mentiendi]
529 3534 667 3587 metiendi
677 3540 698 3586 Ε
707 3552 742 3587 m.
748 3552 796 3604 pr.
843 3540 875 3587 21
887 3533 1037 3604 perennes]
1046 3534 1202 3602 perhennes
1214 3537 1233 3584 B
1243 3550 1279 3586 ru.
1286 3550 1333 3601 pr.

307 3612 341 3659 23
361 3607 520 3674 germinum
539 3606 687 3660 Heinsius:
708 3606 882 3675 segeminum
899 3610 919 3657 B
934 3623 969 3659 ru.
980 3623 1025 3674 pr.
1040 3610 1068 3670 Ρ,
1089 3604 1286 3672 seugeminum
1299 3609 1333 3669 V,

307 3678 514 3745 seugerminum
533 3681 553 3728 B
567 3695 602 3731 m.
622 3694 671 3732 sec.
687 3682 732 3728 1³1.
751 3694 829 3743 corr,
850 3676 1047 3730 *seminarum
1061 3681 1089 3730 L.
1155 3680 1189 3728 24
1207 3674 1334 3743 buxique

305 3751 405 3817 scripsi
412 3770 418 3803 :
438 3749 565 3817 baceque
584 3754 644 3815 PV,
664 3748 809 3816 baeaeque
827 3753 907 3801 BH..
963 3746 1049 3816 myrti
1063 3748 1174 3817 scripsi:
1189 3746 1281 3800 multa
1301 3752 1333 3801 Δ.

307 3826 341 3874 26
360 3821 493 3892 hederae]
512 3819 615 3875 ederae
632 3826 661 3887 P,
676 3820 786 3874 ,hadrae
805 3825 836 3874 v.
892 3819 1004 3890 vitium]
1023 3819 1132 3873 uicium
1150 3824 1218 3872 Lm.
1230 3836 1276 3887 pr.
