3150 4459
508 472 762 527 HISTORIARUM
780 472 997 527 ALEXANDRI
1015 472 1048 541 X,
1068 478 1092 526 6.
1109 478 1132 527 7.
1263 469 1328 535 377

305 637 405 719 cibus,
428 636 618 701 confirmato
642 636 758 719 animo,
782 656 877 718 quem
894 634 1063 700 Perdiccae
1082 635 1244 700 cunctatio
1265 654 1332 699 ere-

304 729 411 788 xerat:
442 723 523 789 ‘Nec
550 724 583 788 di
607 724 744 807 sierint,'
776 725 896 808 inquit,
928 725 976 788 ‘ut
999 722 1177 789 Alexandri
1199 724 1331 789 fortuna

305 815 451 897 tantique
474 814 569 899 regni·
588 814 756 899 fastigium
780 815 815 876 in
839 815 919 877 istos
943 813 1095 877 humeros
1118 817 1203 878 ruat:
1227 812 1330 878 homi-

304 925 360 967 nes
386 908 471 969 certe
489 925 555 967 non
574 902 685 967 ferent.
721 900 817 967 Nihil
835 901 908 969 dico
928 902 966 967 de
985 902 1209 986 nobilioribus,
1232 924 1330 985 quam

278 991 357 1059 ahio
381 996 443 1075 est,
467 993 522 1056 sed
546 992 584 1056 de
607 991 686 1055 viris
708 994 849 1073 tantum,
877 991 995 1074 quibus
1018 992 1130 1056 invitis
1153 992 1237 1056 nihil
1260 1012 1330 1075 per·

304 1081 372 1164 peti
404 1102 534 1145 necesse
567 1084 623 1146 est.
669 1078 738 1145 Neo
761 1102 838 1146 vero
862 1080 1012 1165 interest,
1041 1080 1192 1145 Roxanes
1215 1080 1330 1164 filium,
1349 1098 1382 1147 21

305 1170 497 1253 quandoque
520 1169 649 1255 genitus
673 1170 747 1251 erit,
779 1191 821 1233 an
844 1168 1020 1239 Perdiccan
1043 1191 1150 1255 regem
1174 1169 1330 1253 habeatis,

304 1280 377 1323 cum
409 1259 471 1323 iste
503 1258 563 1323 sub
590 1258 711 1323 tutelae
738 1259 845 1343 specie
871 1280 1007 1344 regnum
1036 1263 1249 1342 occupaturus
1277 1260 1329 1323 sit.

304 1345 417 1431 Itaque
439 1370 534 1412 nemo
559 1350 589 1413 ei
611 1370 668 1412 rex
690 1347 807 1433 placet,
830 1349 894 1413 nisi
917 1348 973 1431 qui
994 1348 1138 1413 nondum
1156 1351 1329 1428 natusest,

263 1465 290 1505 ro
304 1441 337 1501 et
359 1437 393 1499 in
417 1441 508 1501 tanta
534 1437 679 1501 omnium
702 1437 910 1502 festinatione
933 1459 999 1501 non
1022 1436 1107 1502 iusta
1130 1438 1240 1519 modo,
1273 1438 1330 1501 sed

304 1525 400 1590 etiam
425 1528 604 1591 necessaria
627 1529 757 1591 exactos
779 1547 905 1590 menses
930 1525 1017 1591 solus
1041 1530 1191 1610 expectat
1214 1530 1247 1589 et
1265 1526 1328 1590 iam

303 1614 428 1679 divinat
460 1637 580 1679 marem
611 1637 680 1679 esse
710 1618 910 1698 conseptum.
957 1614 1058 1692 Quem
1088 1637 1146 1681 vos
1175 1614 1329 1680 dubitetis

302 1708 450 1787 paratum
471 1726 539 1768 esse
558 1704 610 1767 vel
628 1704 785 1769 subdere?
824 1702 873 1788 Si,
896 1726 947 1768 me
967 1705 1038 1769 dius
1057 1704 1168 1790 fidius,
1191 1703 1329 1769 Alexan·
1348 1721 1382 1769 22

304 1794 360 1856 der
382 1792 470 1857 hunc
492 1792 587 1857 nobis
610 1815 719 1878 regem
741 1815 801 1876 pro
826 1815 860 1856 se
883 1793 1075 1876 reliquisset,
1103 1794 1137 1857 id
1160 1792 1265 1858 solum
1290 1816 1329 1857 ex

262 1911 288 1950 15
303 1881 358 1964 iis,
391 1903 473 1965 quae
504 1882 708 1966 imperasset,
745 1904 811 1947 non
843 1882 1025 1947 faciendum
1058 1904 1126 1946 esse
1159 1904 1328 1948 censerem.

304 1969 390 2047 Quin
422 1971 523 2056 igitur
554 1970 594 2034 ad
626 1971 824 2054 diripiendos
853 1970 1021 2036 thesauros
1045 1972 1248 2036 discurritis?
1274 1971 1329 2035 ha·
1348 1987 1383 2037 23

303 2082 374 2123 rum
403 2059 485 2123 enim
516 2083 616 2144 opum
643 2060 807 2145 regiarum
835 2060 949 2144 utique
979 2062 1120 2145 populus
1143 2065 1192 2126 est
1214 2061 1327 2125 heres'

303 2148 392 2213 Haec
429 2151 575 2214 elocutus
612 2171 671 2234 per
702 2149 826 2213 medios
859 2153 999 2214 armatos
1033 2151 1153 2233 erupit,
1189 2155 1235 2235 et,
1273 2149 1329 2234 qui
1348 2167 1383 2217 24

304 2237 434 2302 abeunti
454 2239 539 2303 viam
559 2239 720 2322 dederant,
740 2239 846 2323 ipsum
866 2238 906 2303 ad
921 2240 1164 2323 pronuntiatam
1178 2239 1329 2324 praedam

263 2356 289 2394 ro
304 2327 530 2409 sequebantur.

250 2423 288 2477 22
370 2414 502 2499 lamque
530 2421 727 2481 armatorum
756 2417 841 2481 circa
863 2416 1062 2502 Meleagrum
1085 2416 1237 2501 frequens
1260 2419 1327 2503 glo·
1341 2423 1386 2479 Vll

303 2504 364 2568 bus
395 2509 463 2569 erat
493 2506 528 2569 in
558 2505 748 2571 seditionem
779 2528 818 2571 ao
841 2505 1032 2571 discordiam
1055 2529 1147 2571 versa
1173 2508 1329 2587 contione,

303 2614 376 2657 cum
405 2594 535 2678 quidam
562 2596 727 2680 plerisque
752 2594 965 2660 Macedonum
994 2597 1126 2681 ignotus
1154 2619 1194 2659 ex
1217 2597 1330 2660 infima

303 2683 409 2766 plebe:
436 2682 530 2760 ‘Quid
560 2706 642 2768 opus
673 2684 746 2767 est,'
779 2684 899 2767 inquit,
933 2685 1042 2748 ‘armis
1067 2684 1218 2768 civilique
1241 2684 1328 2749 bello

262 2799 288 2839 ae
302 2771 497 2837 habentibus
520 2794 644 2858 regem,
677 2794 773 2856 quem
798 2774 974 2855 quaeritis?
1012 2773 1223 2857 ArrhidaeuS,
1255 2772 1363 2839 Phi-a

301 2861 392 2945 lippo
417 2862 555 2947 genitus,
578 2860 754 2926 Alexandri
778 2862 876 2946 paulo
895 2867 970 2926 ante
988 2862 1075 2947 regis
1093 2862 1202 2944 frater,
1225 2883 1329 2928 sacro-

302 2972 374 3013 rum
395 2951 725 3035 caerimoniarumque
745 2972 878 3015 consors
897 2951 1003 3034 mode,
1021 2973 1108 3017 nunc
1125 2952 1212 3017 solus
1226 2952 1328 3035 heres,

302 3039 496 3125 praeteritur
519 3040 657 3105 avobis.
696 3039 766 3117 Quo
786 3062 845 3105 suo
864 3039 1002 3104 merito?
1027 3039 1144 3123 quidve
1162 3040 1249 3124 fecit,
1273 3062 1329 3105 cur

374 3216 547 3286 lerexerat]
563 3217 659 3269 exerat
673 3219 693 3266 Β
707 3232 742 3269 m.
754 3232 799 3284 pr.
874 3214 1012 3286 tinquit]
1028 3214 1129 3283 inquid
1143 3220 1171 3268 Β.
1238 3215 1328 3269 eso-

301 3302 388 3339 xanes
398 3287 568 3341 Frobeaiue:
583 3286 716 3340 broxanis
726 3291 749 3338 Δ
760 3286 883 3356 [roxanis
893 3286 934 3357 Β].
992 3292 1006 3338 7
1017 3286 1182 3357 Perdiccan]
1193 3286 1327 3355 perdican

303 3362 410 3412 mv.
488 3357 629 3428 Sepecie]
650 3358 740 3426 spatie
760 3363 789 3411 Β.
869 3364 900 3411 11
922 3356 1009 3428 solus]
1030 3357 1103 3412 solos
1122 3363 1149 3412 Β.
1225 3364 1258 3412 14
1276 3374 1327 3426 pro

303 3429 345 3499 se]
364 3446 416 3482 ona.
431 3436 458 3484 Β,
532 3428 705 3499 reliquisset]
731 3427 901 3495 reliquissed
919 3434 988 3483 rm.
1001 3446 1045 3497 pr.
1120 3434 1153 3482 15
1172 3428 1208 3482 iis
1228 3430 1327 3484 Vinda-

261 3508 263 3512 “
303 3501 391 3554 licus:
406 3499 450 3553 his
465 3505 495 3553 Δ.
560 3506 593 3554 18
608 3500 747 3571 elocutus]
762 3499 873 3554 locutus
888 3504 908 3551 Β
923 3517 957 3553 m.
968 3518 1014 3569 pr.
1083 3499 1203 3571 medios]
1218 3501 1328 3553 medius

301 3576 369 3625 ΒΜ.
381 3589 426 3639 pr.
503 3576 534 3625 19
553 3571 767 3639 pronuntiatam
785 3572 1006 3626 Freinshemius:
1030 3572 1276 3639 praenuntiantem
1296 3576 1327 3624 Δ.

302 3648 336 3694 22
352 3642 481 3697 contione
496 3644 673 3697 Vindelicus:
689 3643 783 3696 contio
799 3647 829 3696 Δ.
898 3642 1260 3714 tssinfima]infama13m.
1272 3659 1327 3711 pe,

300 3713 412 3766 infirma
430 3720 498 3767 Lm.
513 3732 555 3783 pr.
617 3719 651 3767 24
665 3713 771 3784 inquit]
786 3713 887 3781 inquid
901 3720 929 3766 Β.
988 3718 1021 3767 25
1036 3713 1209 3768 Arrhidaeus
1224 3715 1327 3781 Zcmp

300 3786 370 3839 tica:
391 3784 551 3838 arrithdeus
569 3791 603 3852 P,
623 3784 768 3838 arithdeus
788 3792 814 3838 c.
925 3790 959 3839 28
979 3803 1029 3840 suo
1050 3784 1151 3840 merito
1170 3792 1202 3839 P:
1226 3785 1327 3839 merito

301 3873 351 3910 suo
372 3862 396 3909 c.
471 3856 530 3926 cur]
551 3874 604 3925 qur
621 3862 653 3910 V.
