3150 4459
471 463 723 516 HlSTORIAltUM
743 463 958 516 ALEXANDRI
976 463 1035 531 Vll,
1057 470 1098 517 11.
1229 464 1295 527 249

273 628 414 712 fulgore,
444 649 528 691 111110
554 627 694 692 condito.
742 626 877 710 Verum,
907 631 944 691 ut
971 627 1126 711 liquidior
1153 630 1211 691 lux
1244 628 1296 690 ad-

273 717 382 799 paruit
397 719 493 799 cae10,
509 715 667 779 dubitatio
683 719 833 800 exempta
848 720 1138 800 commeatumque
1155 714 1297 800 Cophen,
1316 736 1349 782 22

273 828 331 888 per
363 828 457 889 quem
490 805 700 871 barbarorum
725 806 850 869 animos
874 810 1101 890 temptaverat,
1130 808 1233 870 mittit
1256 806 1297 869 ad

274 917 337 978 eos,
361 895 417 977 qui
442 899 595 977 moneret,
619 916 706 959 nunc
730 896 843 959 saltem
869 894 1029 959 salubrius
1054 896 1225 960 consilium
1249 896 1297 958 in-

246 985 370 1050 sirent:
403 985 452 1047 sin
483 987 589 1047 autem
614 984 731 1047 fiducia
754 984 818 1047 loci
841 988 1095 1068 perseverarent,
1128 984 1297 1049 ostendia

274 1078 365 1158 tergo
391 1073 494 1156 iussit,
525 1074 581 1156 qui
605 1077 755 1155 ceperant
778 1074 940 1137 verticem.
988 1072 1113 1156 Cophes
1137 1073 1296 1138 admissus
1317 1094 1350 1140 23

274 1162 406 1226 suadere
430 1162 537 1245 coepit
555 1161 717 1225 Ariamazi
741 1167 866 1246 petram
890 1163 1025 1247 tradere,
1049 1164 1187 1248 gratiam
1211 1163 1296 1247 regis

273 1252 407 1334 initum,
439 1252 467 1314 si
495 1255 601 1315 tantas
629 1273 680 1315 res
708 1251 897 1316 molientem
927 1254 959 1315 in
984 1253 1079 1316 unius
1100 1254 1189 1336 rupis
1214 1252 1297 1316 obsi-

273 1340 368 1405 dione
400 1341 530 1404 haerere
558 1363 623 1404 non
654 1341 822 1427 coegisset.
868 1340 927 1406 Ille
950 1341 1089 1406 ferocius
1113 1341 1294 1425 superbius·

232 1451 335 1513 mque
368 1452 463 1513 quam
497 1434 592 1494 antea
623 1432 751 1495 locutus
784 1430 874 1494 abire
906 1429 1039 1515 Cophen
1071 1431 1174 1496 iubet:
1208 1434 1241 1494 at
1269 1432 1296 1495 is
1317 1451 1350 1498 14

272 1536 425 1603 prensum
445 1541 542 1583 manu
560 1519 734 1583 barbarum
752 1524 856 1604 rogat,
876 1525 912 1583 ut
931 1542 1039 1585 secum
1059 1524 1151 1585 extra
1165 1542 1296 1604 specum

272 1608 415 1691 prodeat.
462 1608 532 1684 Quo
561 1609 722 1691 inpetrato
752 1610 883 1673 iuvenes
907 1610 941 1672 in
966 1611 1131 1675 cacumine
1155 1610 1297 1674 ostendit

272 1704 300 1761 et
323 1700 391 1761 eius
411 1698 579 1782 superbiae
601 1698 687 1762 haud
706 1698 858 1762 inmerito
878 1698 1026 1762 inludens
1045 1699 1160 1782 pinnas
1179 1698 1296 1763 hebere

273 1788 318 1850 ait
349 1788 469 1850 milites
492 1787 677 1851 Alexandri.
732 1785 865 1871 Iamque
898 1788 1149 1852 eMacedonum
1183 1788 1297 1853 castris
1317 1808 1350 1854 25

233 1905 257 1943 m
273 1877 440 1961 signorum
469 1882 643 1941 concentus
672 1881 703 1940 et
732 1877 833 1940 totius
863 1878 1022 1941 exercitus
1047 1880 1167 1941 clamor
1191 1878 1296 1941 audie-

272 1965 376 2030 batur.
413 1965 462 2028 Ea
481 1988 541 2048 res,
565 1968 649 2030 sicut
667 1968 821 2049 pleraque
844 1967 931 2049 belli,
949 1989 1033 2029 vana
1051 1971 1084 2031 ct
1103 1967 1207 2031 inanis
1227 1968 1297 2030 bar-

273 2055 369 2118 baros
393 2055 433 2119 ad
453 2055 647 2119 deditionem
667 2057 779 2119 traxit:
805 2056 925 2139 quippe
945 2056 1093 2140 occupati
1112 2059 1201 2120 metu
1219 2079 1296 2140 pau-

272 2145 401 2207 citatem
440 2166 564 2226 eorum,
602 2145 658 2227 qui
685 2163 714 2208 ¹a
751 2149 843 2229 tergo
881 2149 986 2227 erant,
1024 2148 1193 2210 aestimare
1231 2168 1296 2210 non

272 2237 430 2317 poterant.
468 2232 580 2316 ltaque
601 2233 733 2316 Cophen
753 2272 795 2279 —
816 2256 889 2297 nam
909 2236 1107 2317 trepidantes
1122 2236 1297 2319 reliquerat
1316 2255 1349 2301 26

232 2352 313 2390 10-
331 2327 460 2387 strenue
483 2327 634 2387 revocant
658 2327 691 2386 et
714 2344 787 2387 cum
812 2346 849 2387 eo
874 2341 947 2387 xxx
969 2324 1131 2407 principes
1151 2326 1296 2407 mittunt,

273 2412 328 2495 qui
352 2416 476 2494 petram
500 2413 631 2476 tradant
653 2417 695 2496 et,
719 2416 754 2476 ut
774 2412 990 2477 incolumibus
1010 2413 1096 2477 abire
1115 2413 1220 2496 liceat,
1241 2436 1295 2497 pa-

272 2504 439 2565 ciscantur.
500 2500 559 2565 Ille
598 2524 793 2585 quamquam
833 2502 1014 2587 verebatur,
1052 2525 1092 2566 ne
1125 2507 1349 2586 conspectam

272 2593 424 2654 iuvenum
448 2591 624 2675 paucitate,
656 2591 865 2655 deturbarent
888 2614 943 2655 eos
967 2592 1110 2675 barbari,
1133 2596 1240 2655 tamen
1265 2596 1297 2655 et

272 2681 421 2743 fortunae
445 2702 520 2745 suae
545 2681 686 2745 confisus
710 2684 743 2744 et
765 2679 928 2744 Ariamazi
953 2681 1121 2765 superbiae
1144 2682 1297 2763 infensas,

232 2797 257 2838 aa
272 2773 394 2833 nullam
429 2792 462 2833 se
491 2769 713 2834 condicionem
746 2769 919 2834 deditionis
948 2770 1092 2853 accipere
1120 2770 1295 2853 respondit.

273 2858 456 2922 Ariamazes
485 2859 662 2943 desperatis
689 2860 793 2944 magis
825 2882 921 2943 quam
945 2860 1080 2944 perditis
1103 2859 1198 2924 rebus
1223 2881 1296 2922 curn
1317 2879 1349 2925 ‘28

346 3078 358 3123 1
379 3089 468 3125 1111ιο
491 3071 605 3124 condito
627 3072 846 3126 Freinshemius:
881 3070 1008 3124 conditor
1027 3076 1060 3137 Ρ,
1089 3070 1197 3124 conditi
1217 3077 1242 3124 0.

272 3142 375 3194 Verum
386 3160 436 3196 om.
447 3148 474 3195 P.
523 3148 538 3195 ὁ
554 3142 669 3213 fiducia]
680 3142 781 3195 fidutia
791 3148 821 3196 V.
870 3148 884 3194 6
896 3142 1041 3212 ceperant]
1052 3143 1204 3211 coeperant
1213 3147 1240 3193 Ρ.

272 3212 424 3284 admissus]
445 3215 480 3266 ad
502 3229 548 3267 eos
567 3214 669 3267 missus
689 3220 706 3266 0
727 3214 858 3284 [amissus
872 3219 894 3265 V
909 3214 1021 3284 11111]
1119 3219 1133 3265 7
1154 3213 1296 3266 Ariamazi

272 3288 383 3354 scribsi:
404 3285 526 3339 aramazi
541 3291 571 3337 Δ.
628 3285 769 3339 8111111110
788 3291 815 3340 1:
835 3284 934 3338 inituri
949 3290 979 3336 Δ.
1039 3284 1147 3355 tantas]
1167 3286 1249 3338 tanta
1268 3290 1296 3351 P,

272 3357 784 3426 1οη1ἰε1111.111.,111111111111111.
859 3357 1021 3428 9haerere]
1041 3373 1117 3411 erere
1132 3361 1160 3409 P.
1234 3371 1296 3409 coe-

272 3429 372 3498 gisset]
392 3430 514 3498 cogisset
532 3434 560 3482 P.
617 3434 650 3482 10
670 3430 719 3499 At]
740 3428 775 3481 ad
795 3434 823 3481 P.
888 3434 919 3480 12
940 3427 1094 3498 inpetrato]
1114 3428 1252 3496 imperato
1267 3433 1295 3481 P.

275 3506 305 3551 13
326 3501 428 3554 eteius
455 3502 566 3571 Voqel:
587 3500 696 3553 eiusA.
788 3499 877 3571 haud]
897 3500 947 3552 aut
965 3505 992 3552 P.
1081 3505 1114 3552 14
1134 3499 1296 3553 01100010-

272 3590 339 3623 num
354 3578 378 3624 1:
394 3572 579 3625 macedonum
595 3577 625 3624 Δ.
683 3576 715 3625 16
731 3572 823 3624 inanis
837 3573 948 3641 scripsi:
964 3570 1061 3624 inania
1071 3577 1097 3637 0,
1112 3571 1257 3624 inaniania
1267 3577 1295 3624 P.

274 3649 305 3695 17
326 3643 512 3713 deditionem]
533 3643 710 3697 dedicionem
729 3649 797 3696 Lm.
808 3660 853 3712 pr.
869 3648 897 3696 Ρ.
980 3648 1011 3695 21
1033 3641 1233 3714 incolumibus]
1253 3641 1297 3694 in-

274 3713 461 3767 columinibus
481 3720 548 3767 ror.
560 3732 606 3783 pr.
698 3720 732 3766 24
752 3712 894 3767 Ariamazi
912 3716 1023 3783 scripsi:
1052 3712 1168 3766 arimazi
1187 3719 1209 3765 Δ
1229 3713 1296 3784 [ira-

272 3786 345 3838 mazi
364 3788 403 3858 1]
488 3786 636 3854 superbiae
655 3787 814 3851 infensas
832 3791 857 3839 1:
878 3785 1026 3853 superbiae
1046 3789 1076 3836 Δ.
1163 3791 1196 3838 16
1216 3785 1295 3837 Aria·

273 3874 365 3912 mazes
384 3860 494 3928 scripsi:
515 3858 650 3912 arimazes
669 3858 702 3911 A.
777 3857 935 3927 desperatis
953 3863 982 3909 1·.
1000 3855 1161 3925 disperatis
1180 3861 1214 3905 1..
1298 3867 1301 3872 ¹
