3150 4459
314 417 380 483 326
700 418 731 484 Q.
751 418 862 474 CURTI
879 418 967 474 RUFI

279 598 296 646 e
314 581 449 646 adverso
468 582 705 668 ingerebantur,
725 582 897 665 excipiens.
930 581 1016 647 Nam
1035 605 1109 648 cum
1130 583 1352 670 [cornminus]

314 692 415 735 unum
439 672 553 753 procul
575 675 625 735 tot
648 693 763 735 manns
787 675 944 755 peterent,
966 693 1062 736 nemo
1081 676 1195 737 tamen
1218 676 1353 739 auderet

313 760 449 845 propius
473 760 631 843 accedere,
654 760 791 824 missilia
813 761 911 825 ramis
935 761 1150 846 pluraquam
1171 762 1288 847 clipeo
1309 764 1353 828 in-

279 848 472 914 ccidebant.
518 848 690 935 Pugnabat
713 871 772 933 pro
796 870 873 933 rege
895 851 1038 933 primum
1064 850 1223 916 celebrati
1248 854 1353 918 nomi·

312 939 364 1003 nis
387 938 487 1019 fama,
511 938 626 1002 deinde
650 937 847 1022 desperatio,
875 961 1029 1025 magnum
1052 939 1094 1003 ad
1116 939 1261 1006 honeste
1285 964 1384 1007 mos

278 1028 462 1091 vriendum
494 1026 750 1092 incitamentum.
798 1025 861 1091 Sed
893 1049 965 1092 cum
994 1028 1130 1092 subinde
1160 1028 1274 1095 hostis
1301 1033 1352 1095 ad-

313 1117 441 1193 flueret,
474 1116 539 1179 iam
571 1117 736 1202 ingentem
769 1117 834 1180 vim
863 1117 1004 1181 telorum
1032 1123 1208 1200 exceperat
1233 1119 1352 1204 clipeo,

315 1206 379 1268 iam
413 1206 540 1291 galeam
572 1226 649 1269 saxa
682 1204 918 1291 perfregerant,
951 1207 1015 1270 iam
1048 1207 1205 1273 continuo
1235 1209 1351 1273 labore

279 1297 449 1380 agravata
472 1316 578 1379 genua
601 1293 811 1359 succiderant.
856 1293 971 1378 Itaque
1001 1297 1219 1380 contemptim
1244 1301 1280 1362 et
1304 1299 1375 1363 in-¹

315 1387 417 1465 caute,
436 1384 493 1467 qui
510 1384 652 1466 proximi
671 1386 836 1465 steterant,
854 1385 1072 1449 incurrerunt:
1092 1385 1247 1469 equibus
1266 1388 1351 1452 duos
1363 1412 1383 1452 rc

314 1472 422 1557 gladio
446 1473 493 1535 ita
516 1471 652 1555 excepit,
675 1476 712 1535 ut
735 1476 810 1537 ante
833 1472 941 1556 ipsum
966 1473 1129 1538 exanimes
1153 1476 1350 1559 procumbe

313 1565 393 1625 rent.
452 1560 523 1624 Nee
558 1560 708 1645 cuiquam
742 1561 856 1625 deinde
890 1563 1022 1647 propius
1055 1564 1239 1628 incessendi
1273 1587 1350 1630 eum

278 1666 294 1714 9
313 1651 440 1713 animus
464 1650 541 1714 fuit:
564 1652 679 1734 procul
701 1651 807 1714 iacula
829 1650 1029 1736 sagittasque
1053 1652 1239 1717 mittebant.
1288 1652 1390 1720 Illaec

313 1739 352 1802 ad
387 1761 497 1803 omues
526 1738 610 1803 ictus
639 1740 805 1822 expositus
829 1761 896 1804 non
919 1762 1013 1825 aegre
1035 1744 1146 1806 tamen
1169 1746 1349 1826 exceptum

312 1828 492 1913 poplitibus
516 1849 634 1911 eorpus
657 1828 819 1910 tuebatur,
845 1830 946 1893 donec
968 1826 1068 1894 Indus
1092 1831 1232 1895 duorum
1256 1831 1381 1897 cubi-n

312 1921 419 1981 torum
455 1918 607 2001 sagittam
636 1956 680 1963 -
709 1940 849 2001 namque
872 1917 975 2001 Indis,
1008 1923 1045 1982 ut
1073 1922 1168 1983 antea
1191 1919 1349 2003 diximus,

312 2006 410 2071 huius
439 2006 672 2092 magnitudinis
704 2007 843 2092 sagittae
867 2011 1025 2071 erant-
1049 2007 1095 2071 ita
1119 2009 1277 2092 excussit,
1313 2015 1350 2074 ut

313 2117 371 2179 per
404 2094 569 2160 thoracem
598 2096 732 2180 paulum
762 2116 860 2180 super
886 2098 972 2161 latus
1003 2096 1153 2160 dextrum
1184 2098 1348 2183 infigeret.

260 2201 293 2249 10
314 2182 385 2259 Quo
409 2184 541 2247 vulnere
564 2184 713 2249 adflictus
737 2206 855 2270 magne
878 2185 910 2249 vi
931 2187 1096 2270 sanguinis
1115 2186 1278 2252 emicante
1301 2209 1371 2252 re·

313 2273 404 2337 misit
426 2296 515 2337 arma
538 2274 731 2338 moribundo
752 2274 868 2337 similis
887 2275 1032 2360 adeoque
1051 2275 1223 2360 resolutus,
1247 2280 1288 2340 ut
1306 2300 1349 2342 ne
1362 2301 1384 2341 a

262 2379 294 2428 11
315 2362 354 2425 ad
378 2362 562 2426 vellendum
594 2364 724 2446 quidem
749 2363 850 2426 telum
875 2364 1038 2427 sufficeret
1062 2364 1181 2428 dextra.
1229 2364 1349 2450 Itaque

313 2451 355 2516 ad
379 2451 586 2536 spoliandum
611 2473 738 2536 eorpus,
762 2451 819 2534 qui
837 2454 1071 2537 vulneraverat,
1095 2455 1200 2518 alacer
1223 2455 1349 2539 gaudio

315 2542 462 2605 accurrit.
510 2540 611 2616 Quem
641 2544 678 2604 ut
704 2542 824 2606 inicere
853 2543 980 2625 corpori
1011 2564 1069 2606 suo
1094 2564 1208 2606 manus
1235 2545 1350 2629 sensit,

314 2630 423 2713 eredo,
453 2630 558 2693 ultimi
584 2630 748 2694 dedecoris
772 2630 967 2716 indignitate
990 2635 1171 2695 commotus
1194 2631 1350 2716 linquen-

314 2722 381 2782 tem
404 2719 571 2783 revocavit
594 2720 737 2783 animum
761 2724 794 2784 et
816 2721 940 2784 nudum
964 2720 1068 2784 hostis
1086 2719 1173 2784 latus
1191 2721 1349 2787 subrecto
1364 2746 1386 2787 rr

263 2824 295 2873 12
315 2829 469 2872 mucrone
502 2808 620 2872 hausit.
665 2807 819 2873 Iacebant
851 2810 937 2873 circa
968 2831 1078 2895 regern
1110 2810 1173 2873 tria
1205 2831 1350 2894 corpora

315 2898 429 2980 procul
461 2898 670 2980 stupentibus
704 2898 827 2961 ceteris
882 2896 942 2962 Ille
975 2903 1026 2980 ut,
1062 2903 1237 2980 antequam
1271 2901 1350 2965 ulti-

312 3009 385 3049 mus
415 2986 550 3069 spiritus
579 2987 743 3068 deficeret,
774 2987 931 3051 dimicans
956 2991 1066 3051 tamen
1091 2988 1350 3073 extingueretur,

386 3167 399 3214 1
420 3162 601 3233 [comminus]
622 3163 672 3217 det.
688 3163 788 3217 Aldaa.
846 3168 861 3214 2
881 3163 1022 3234 peterent]
1037 3163 1149 3230 peteret
1162 3168 1182 3213 P
1196 3179 1232 3216 m.
1244 3180 1290 3231 pr.

313 3232 432 3286 auderet
450 3234 608 3288 Bentleias:
634 3233 760 3286 audebat
777 3239 809 3286 Δ.
919 3241 935 3285 3
955 3233 1098 3305 accedere]
1124 3233 1242 3287 acedere
1262 3239 1289 3287 L.

314 3302 415 3375 clipeo]
441 3303 540 3373 clypeo
565 3309 800 3373 Bm.pr.1.PV.
910 3311 927 3357 4
948 3304 1109 3376 Pugnabat]
1135 3304 1349 3373 pugnabant!

313 3393 348 3430 m.
359 3392 405 3443 pr.
420 3381 440 3427 P
455 3394 489 3429 aa.
500 3394 546 3445 pr.
633 3382 647 3428 7
668 3376 827 3447 exceperat]
849 3376 992 3444 exciperet
1010 3382 1038 3429 P.
1111 3375 1222 3447 clipeo]
1243 3375 1348 3445 clypeo

313 3451 535 3528 Pappum.
611 3450 764 3518 agravata
782 3453 816 3500 P:
842 3448 1016 3532 graniano..
1063 3453 1095 3501 11
1116 3446 1228 3530 excepit
1248 3453 1278 3500 c:
1299 3464 1348 3502 ex·

314 3518 1112 3661 trit.firlvl⁰⁰lttt0.lt{sagittabat
1151 3518 1347 3644 abacta

314 3660 430 3713 dextera
449 3667 474 3714 c.
539 3667 574 3714 22
594 3661 775 3730 spoliandum
794 3667 827 3714 P:
848 3660 1050 3729 expoliandum
1070 3666 1095 3713 c.
1156 3666 1189 3713 23
1210 3662 1337 3715 accurrit

315 3732 438 3785 occurrit
453 3738 481 3785 P.
538 3738 572 3785 25
588 3732 719 3787 subrecto
734 3734 896 3787 Acidaliae:
916 3732 1044 3786 subiecto
1059 3736 1089 3784 Δ.
1146 3737 1180 3785 28
1200 3731 1338 3788 deficeret

219 3804 224 3815 “
316 3803 450 3857 deficerat
468 3808 499 3856 V.
569 3803 720 3874 dimicans]
741 3804 885 3857 demicans
904 3810 932 3857 P.
1000 3806 1097 3857 tamen
1121 3804 1216 3873 Vogel:
1235 3803 1295 3857 iarn
1315 3809 1348 3859 Α,
