3150 4459
446 432 700 533 HISTORIAItUM
719 476 935 529 ALEXANDRI
957 476 1026 542 VIII,
1048 484 1089 531 13.
1213 478 1278 541 299

257 640 522 722 conserebantur,
551 645 586 705 et
615 645 750 723 uterque
782 661 839 703 rex
869 662 987 723 parvae
1016 642 1063 704 rei
1096 641 1281 705 discrimine
1307 659 1330 695 1'

258 752 402 793 summae
417 731 641 813 experiebatur
655 734 815 793 eventum.
854 728 1003 794 Ceterum
1018 730 1053 793 in
1066 728 1280 795 Macedonum
1301 745 1335 793 11

259 821 401 883 exercitu
426 820 608 884 temeritate
631 823 728 902 atque
752 818 886 883 audacia
909 819 1053 903 insignes
1071 820 1161 882 fuere
1176 818 1280 905 Hege

258 909 419 972 simachus
443 914 475 972 et
497 909 650 990 Nicanor,
673 907 799 972 nobiles
823 908 954 972 iuvenes
978 912 1010 971 et
1031 912 1187 992 perpetua
1210 931 1281 992 par.-

231 1024 243 1063 5
259 998 340 1061 tium
358 997 512 1061 felicitate
531 998 572 1062 ad
590 997 806 1082 spernendum
829 1018 925 1061 omne
943 997 1123 1081 periculum
1142 998 1282 1062 accensi:

258 1086 330 1170 quis
345 1086 481 1151 ducibus
495 1086 730 1170 promptissimi
751 1086 904 1150 iuvenum
919 1086 1038 1150 lanceis
1053 1087 1150 1151 modo
1165 1087 1282 1150 armati
1302 1102 1335 1149 14

257 1180 465 1240 transnavere
488 1178 522 1239 in
545 1176 694 1260 insulam,
718 1197 817 1259 quam
839 1175 991 1259 frequens
1014 1175 1119 1240 hostis
1143 1176 1282 1257 tenebat,

258 1264 443 1347 multosque
465 1263 618 1329 Indorum
641 1269 732 1329 nulla
754 1287 788 1328 re
817 1266 932 1329 melius
957 1286 1057 1348 quam
1078 1265 1212 1329 audacia
1234 1288 1283 1329 ar·

258 1355 337 1416 mati
360 1356 601 1419 interemerunt.
639 1354 740 1417 Abire
763 1376 836 1419 cum
861 1354 965 1439 gloria
983 1358 1142 1438 poterant,
1166 1356 1194 1417 si
1212 1376 1283 1418 um·
1303 1369 1336 1417 15

218 1469 244 1509 10
259 1464 355 1525 quam
378 1444 540 1507 temeritas
560 1442 638 1507 felix
657 1445 816 1507 inveniret
833 1444 981 1508 modum:
1004 1444 1060 1507 sed
1079 1443 1156 1507 dum
1175 1464 1283 1526 super·
1311 1463 1312 1466 ’

258 1533 424 1596 venientes
459 1534 672 1616 contemptim
705 1537 737 1595 et
769 1532 907 1615 superbe
940 1554 1069 1616 quoque
1102 1536 1283 1616 expectant,

258 1621 470 1686 circumventi
493 1622 533 1685 ab
558 1622 612 1702 iis,
643 1622 701 1705 qui
724 1622 843 1686 occulti
867 1625 1053 1704 enaverant,
1077 1622 1204 1685 eminus
1228 1620 1283 1686 ob·
1318 1670 1321 1677 .

259 1712 324 1772 ruti
357 1711 431 1774 telis
465 1714 549 1775 sunt.
596 1711 670 1788 Qui
692 1711 873 1795 effugerant
900 1709 1041 1794 hostem,
1075 1715 1131 1773 aut
1159 1711 1283 1794 impetu
1303 1726 1337 1774 16

205 1800 362 1862 46111111
381 1799 482 1863 ablati
501 1804 577 1863 sunt
596 1804 653 1863 aut
672 1799 847 1864 vertimbus
866 1799 1016 1883 inpliciti.
1043 1798 1157 1883 anue
1174 1822 1284 1885 pugna

219 1914 243 1953 11
258 1888 398 1950 multum
421 1888 499 1952 Pori
527 1889 680 1953 fiduciam
708 1890 811 1952 erexit
842 1892 956 1951 cuncta
980 1889 1139 1953 cernentis
1164 1912 1180 1952 e
1204 1889 1283 1972 ripa.

258 1976 442 2040 Alexander
469 1978 563 2061 inops
587 1977 715 2041 consilii
738 1978 869 2058 tandem
893 1977 933 2041 ad
956 1977 1133 2042 fallendum
1156 1976 1284 2042 hostem
1304 1994 1336 2042 11

259 2065 358 2129 talem
382 2066 492 2130 dolum
516 2067 664 2131 intendit.
701 2066 783 2130 Erat
806 2066 913 2130 insula
935 2067 971 2130 in
993 2067 1126 2130 flumine
1146 2067 1285 2150 amplior

260 2156 384 2238 ceteris,
408 2155 549 2219 silvetris
573 2156 684 2219 eadem
708 2160 741 2220 et
764 2156 912 2242 tegendis
935 2156 1063 2219 insidiis
1087 2159 1171 2240 apta,
1198 2157 1284 2220 fossa
1327 2150 1329 2155 ’

260 2266 389 2327 quoque
412 2245 558 2328 praealta
580 2244 667 2308 haud
690 2245 805 2329 procul
827 2246 907 2329 ripa,
931 2266 1028 2328 quam
1052 2245 1184 2309 tenebat
1206 2246 1284 2330 ipse,

219 2360 244 2398 1ο
258 2355 324 2396 non
348 2334 473 2417 pedites
498 2335 603 2417 mod0,
632 2334 689 2398 sed
712 2335 811 2398 etiam
833 2356 907 2398 cum
931 2335 1022 2418 equis
1045 2335 1132 2398 viros
1156 2339 1286 2417 poterat

259 2422 468 2487 abscondere:
500 2424 602 2510 igitur
628 2428 666 2487 ut
689 2445 708 2486 a
731 2423 878 2488 custodia
907 2423 1005 2488 huius
1029 2424 1284 2507 opportunitatis
1304 2439 1337 2488 18

260 2512 371 2576 oculos
394 2496 538 2577 hostium
558 2517 724 2596 averteret,
748 2512 974 2577 Ptolomaeum
996 2513 1147 2577 omnibus
1166 2515 1283 2577 turmis
1319 2561 1327 2569 .⁴

260 2601 448 2684 obequItare
477 2602 573 2665 iussit
601 2602 715 2687 procul
741 2602 849 2666 insula
874 2606 905 2665 et
932 2602 1068 2665 subinde
1095 2599 1194 2665 Indos
1223 2601 1284 2665 cla-

258 2712 348 2754 more
381 2696 515 2773 terrere,
548 2691 641 2774 quasi
673 2692 795 2755 flumen
826 2695 1052 2755 transnaturus
1082 2690 1175 2754 foret.
1221 2691 1285 2754 Per
1305 2708 1337 2756 19

218 2804 244 2845 cs
259 2780 432 2863 conplures
456 2780 525 2845 dies
548 2780 756 2845 Ptolomaeus
780 2780 814 2843 id
837 2779 915 2843 fecit
938 2802 1041 2862 eoque
1065 2779 1210 2844 consilio
1225 2780 1284 2844 Po·
1309 2799 1333 2837 ³:

258 2892 330 2931 rum
364 2891 493 2953 quoque
525 2892 642 2956 agmen
675 2892 770 2934 suum
803 2869 832 2932 ei
860 2869 959 2953 parti,
992 2890 1090 2952 quam
1119 2890 1152 2932 se
1175 2874 1284 2951 petere

331 3014 346 3059 3
367 3010 465 3080 atque]
485 3010 577 3078 adque
597 3015 625 3061 1..
713 3008 847 3080 audacia]
867 3009 985 3061 audatia
1003 3014 1034 3076 v,
1054 3008 1168 3073 audicio
1186 3012 1215 3073 Β,
1235 3002 1285 3075 au]-
1301 3062 1313 3074 ‚¹

259 3079 340 3132 dacie
359 3085 387 3133 L.
468 3080 703 3150 Hegesimachus]
723 3080 866 3135 simachus
886 3086 904 3131 0
922 3080 1057 3151 [simacus
1077 3079 1117 3150 11].
1198 3084 1215 3131 4
1233 3078 1284 3131 Ni·
1304 3086 1306 3089 ⁴
1327 3092 1330 3098 ·

259 3151 355 3220 canor]
374 3151 512 3205 nichanor
525 3157 582 3204 Π.
637 3151 774 3234 partium]
787 3152 916 3219 parcium
930 3157 950 3203 1.
965 3169 999 3204 m.
1010 3169 1055 3220 pr.
1070 3156 1101 3204 V.
1159 3151 1283 3203 711111-

259 3222 372 3292 novera]
391 3224 560 3276 trannauere
579 3228 607 3275 1..
643 3244 645 3248 ’
694 3221 961 3293 hostis]0stis1.v.
1048 3221 1216 3292 8audacia]
1236 3238 1285 3275 au·

259 3292 338 3345 datia
356 3298 412 3347 LV.
487 3300 521 3346 10
539 3292 620 3364 felix]
639 3292 739 3347 infelix
757 3301 783 3347 c.
863 3300 896 3347 12
916 3294 1099 3347 circumventi
1119 3299 1144 3347 1:
1165 3293 1284 3347 circum·-

258 3364 592 3434 uenientiBm.pr.F1.
606 3371 979 3434 m.pr.Pm.pr.Vm.pr.
1079 3365 1116 3418 iis
1135 3370 1161 3418 1:
1188 3363 1233 3418 his
1253 3369 1283 3416 A.

260 3441 292 3488 13
308 3435 429 3507 hostem]
441 3439 530 3490 ostem
540 3442 568 3489 1..
621 3435 1070 3490 1411111111111011111111111εέ.
1120 3442 1154 3489 15
1170 3435 1284 3505 cuncta]

258 3507 409 3560 coniuncta
427 3514 455 3561 Ρ.
517 3513 550 3561 17
569 3508 694 3562 intendit
712 3525 762 3563 oce.
777 3514 801 3560 V
814 3525 849 3563 m.
860 3526 906 3577 pr.
965 3513 998 3564 21
1018 3508 1062 3579 ut]
1082 3512 1284 3577 1111111111,

257 3578 336 3631 haud
354 3585 385 3633 V.
460 3596 477 3631 a
496 3579 637 3650 custodia]
657 3578 788 3633 custodia
806 3583 836 3631 V.
878 3624 880 3628 ,
916 3579 1151 3650 opportunItatis]
1170 3581 1284 3647 oportu-

258 3651 357 3704 nitatis
377 3657 395 3702 0
414 3651 605 3722 [oportunitas
623 3651 666 3722 v]
778 3656 812 3703 22
836 3650 1033 3704 Ptolomaeum
1054 3652 1167 3719 scripsi:
1192 3650 1284 3718 ptolo-

258 3738 352 3775 meum
368 3729 393 3789 0,
412 3722 608 3790 ptholomeum
621 3728 650 3775 P.
725 3726 759 3775 23
778 3720 890 3846 insula]
902 3722 933 3781 in
953 3721 1012 3775 salo
1031 3721 1126 3775 insula
1145 3727 1174 3787 F,
1193 3723 1225 3775 ia
1239 3726 1284 3773 BL

258 3794 288 3845 in
308 3794 368 3847 salo
383 3814 400 3847 a
420 3812 488 3848 corr.
503 3797 535 3849 iu
553 3794 679 3864 margine
692 3794 758 3848 add.
815 3799 849 3846 25
891 3793 1048 3847 tolomaeus
1062 3794 1173 3861 ccupat:
1193 3792 1284 3862 ptolo-

258 3881 337 3917 meus
358 3872 383 3933 0,
401 3865 581 3935 ptholomeus
600 3871 627 3918 Ρ.
1274 3882 1278 3905 ¹
