3150 4459
468 445 724 501 HISTORIARUM
743 448 960 502 ALEXANDRI
978 448 1064 515 VHII,
1084 455 1108 503 ὅ.
1238 448 1302 513 327

280 609 384 692 clipeo
404 631 439 672 se
458 610 607 674 adlevare
626 614 760 675 conatus
779 614 830 675 est
844 614 889 693 et,
913 616 1087 695 postquam
1106 613 1147 676 ad
1161 614 1307 677 coniten-
1326 630 1358 678 13

280 699 355 762 dum
376 697 458 762 nihil
478 702 644 782 supererat
666 700 794 783 virium,
818 700 949 765 dextera
967 702 1178 785 inpendentes
1196 723 1305 767 ramos

279 787 457 869 conplexus
476 788 659 871 temptabat
677 790 858 875 adsurgere.
895 788 959 853 Sed
977 812 1017 854 ne
1036 791 1083 854 sic
1104 791 1234 874 quidem
1249 813 1305 875 po

278 879 350 940 tens
374 877 520 960 corporis
543 899 655 942 rursus
679 877 713 941 in
736 901 843 964 genua
864 878 1052 963 procumbit
1074 902 1172 944 manu
1191 901 1306 963 provo·

233 969 263 1023 11
281 987 356 1030 cans
371 967 491 1049 hostes,
510 967 537 1030 si
552 967 625 1051 quis
640 967 795 1052 congredi
809 968 948 1032 auderet.
977 967 1120 1033 Tandem
1134 968 1305 1033 Peucestes
1325 986 1360 1034 14

252 1076 338 1138 eper
368 1056 463 1119 aliam
494 1055 609 1138 oppidi
639 1061 764 1139 partem
798 1056 976 1121 deturbatis
1007 1058 1305 1144 propugnatoribus

279 1145 364 1207 muri
393 1144 531 1230 vestigia
561 1166 758 1228 persequens
781 1146 868 1231 regis
893 1148 1088 1229 supervenit.
1135 1146 1206 1222 Quo
1232 1163 1359 1212 con-15

280 1237 391 1317 specto
416 1232 600 1298 Alexander
627 1234 692 1298 iam
715 1257 782 1298 non
806 1235 892 1299 vitae
916 1257 1017 1319 spem,
1039 1236 1096 1301 sed
1119 1236 1233 1300 mortis
1257 1258 1306 1301 so·

278 1321 397 1386 lacium
423 1324 646 1406 supervenisse
673 1327 763 1387 ratus
787 1324 892 1409 clipeo
916 1324 1090 1409 fatigatum
1114 1347 1231 1409 corpus
1255 1347 1306 1388 ex-

239 1438 265 1476 11
280 1413 374 1494 cepit.
413 1411 556 1476 Subinde
575 1411 726 1477 Timaeus
750 1417 783 1475 et
806 1413 903 1497 paulo
922 1417 999 1497 post
1016 1413 1212 1497 Leonnatus,
1230 1414 1306 1479 huic

280 1501 453 1564 Aristonus
477 1502 670 1585 supervenit.
712 1500 786 1565 Indi
811 1524 949 1587 quoque,
973 1524 1046 1568 cum
1070 1504 1156 1567 intre
1179 1504 1359 1568 moenia16

278 1612 387 1674 regem
416 1612 486 1654 esse
513 1592 748 1675 conperissent,
779 1591 909 1656 omissis
933 1594 1048 1656 ceteris
1072 1592 1152 1657 illue
1175 1614 1306 1657 concur·

278 1685 391 1742 rerunt
420 1680 643 1764 urgebantque
673 1684 880 1766 protegentes
914 1703 997 1745 eum.
1052 1681 1080 1744 E
1112 1681 1230 1766 quibus
1254 1681 1307 1746 Ti·
1388 1758 1391 1765 Ι

279 1790 389 1831 maeus
412 1770 524 1832 multis
547 1769 680 1833 adverso
701 1789 834 1852 corpore
853 1770 1041 1834 vulneribus
1060 1771 1200 1854 acceptis
1220 1791 1308 1857 egre-

240 1881 265 1921 11
280 1856 397 1941 giaque
428 1857 515 1920 edita
545 1879 655 1943 pugna
684 1859 813 1922 cecidit:
841 1858 1013 1924 Peucestes
1044 1881 1173 1943 quoque
1202 1860 1307 1924 tribus
1327 1876 1360 1923 11

279 1945 393 2008 iaculis
418 1945 585 2012 confossus
608 1968 675 2010 non
694 1970 728 2011 se
747 1951 857 2012 tumen
875 1952 977 2030 scuto,
996 1949 1052 2012 sed
1069 1970 1179 2034 regem
1198 1949 1307 2014 tueba-

279 2034 389 2099 batur:
413 2034 608 2120 Leonnatus,
632 2036 709 2100 dum
733 2036 826 2100 avide
848 2041 978 2101 ruentes
1001 2036 1157 2102 barbaros
1178 2038 1307 2102 submo-

280 2127 346 2205 vet,
380 2124 502 2187 cervice
532 2124 675 2210 graviter
705 2125 771 2190 icta
802 2127 999 2190 semianimis
1029 2127 1202 2211 procubuit
1231 2132 1306 2191 ante

280 2213 365 2297 regis
399 2214 504 2296 pedes.
560 2212 630 2277 Iam
662 2219 695 2278 et
726 2214 898 2280 Peucestes
930 2216 1118 2281 vulneribus
1150 2215 1306 2301 fatigatus
1327 2231 1360 2279 18

241 2327 267 2364 so
281 2302 475 2366 submiserat
499 2304 652 2386 clipeum:
676 2304 710 2367 in
730 2303 886 2369 Aristono
911 2324 985 2388 spes
1008 2305 1123 2369 ultima
1146 2304 1307 2371 haerebat.

279 2390 343 2454 Hic
367 2413 495 2476 quoque
519 2393 663 2476 graviter
681 2393 809 2458 saucius
828 2397 953 2458 tantem
971 2394 1038 2458 vim
1057 2394 1201 2458 hostium
1220 2394 1308 2459 ultra

280 2481 438 2544 sustinere
462 2503 529 2546 non
546 2485 683 2565 poterat.
720 2480 810 2545 Inter
828 2483 908 2546 haec
926 2483 967 2546 ad
985 2482 1178 2548 Macedones
1197 2505 1307 2568 regem
1328 2499 1360 2546 19

280 2570 432 2634 cecidisse
455 2570 543 2635 fama
565 2571 690 2654 perlata
713 2576 770 2636 est.
808 2570 989 2636 Terruisset
1012 2572 1102 2656 alios,
1126 2573 1215 2655 quod
1233 2572 1307 2637 illos

280 2659 436 2722 incitavit.
482 2657 632 2744 Namque
655 2661 792 2745 periculi
821 2661 925 2725 omnis
949 2661 1141 2725 inmemores
1166 2660 1308 2725 dolabris

240 2771 265 2810 ar
280 2750 463 2832 perfregere
487 2771 616 2813 murum
639 2754 685 2832 et,
718 2771 783 2832 qua
806 2749 913 2813 moliti
936 2753 1028 2813 erant
1051 2750 1188 2832 aditum,
1221 2750 1307 2813 inru-

279 2859 354 2919 pere
388 2838 421 2900 in
452 2834 565 2902 urb'em
587 2836 750 2919 Indosque
780 2840 889 2921 plures
920 2839 1082 2923 fugientes
1113 2860 1209 2922 quam
1234 2860 1307 2903 con-

281 2927 372 3010 gredi
391 2947 487 2989 ausos
507 2927 699 2992 ceciderunt.
736 2926 813 2991 Non
832 2928 973 3009 senibus,
995 2948 1063 2991 non
1082 2927 1221 3007 feminis,
1241 2950 1308 2992 non
1326 2943 1361 2991 20

280 3015 459 3079 infantibus
482 3016 639 3099 parcitur:
664 3016 811 3100 quisquis
835 3020 1026 3099 occurrerat,
1052 3012 1174 3081 abillo
1199 3017 1308 3079 vulne

355 3189 494 3261 lclipeo]
515 3190 856 3259 clypeoBm.pr.L1’v.
941 3193 984 3244 est
1003 3191 1042 3273 et]
1063 3192 1091 3244 et
1110 3197 1136 3245 c.
1219 3189 1306 3274 3sie]

281 3261 305 3314 si
323 3266 354 3315 V.
429 3262 574 3333 ssoppidi]
595 3261 674 3330 opidi
692 3268 724 3315 V.
799 3263 908 3332 'tregis
928 3268 960 3315 1³:
980 3278 1042 3332 regi
1061 3267 1101 3316 (1
1166 3261 1238 3332 Quo]
1258 3279 1307 3331 qu1

280 3339 349 3386 rm.
362 3350 406 3400 pr.
464 3339 574 3400 sepem
588 3334 744 3388 Bentlciue:
760 3350 828 3387 snae
842 3339 872 3387 Δ.
929 3333 1091 3402 sclipeoI:
1107 3332 1252 3402 clypeos.

281 3404 403 3475 excepit]
424 3404 553 3473 excoepit
571 3410 599 3457 P.
660 3411 693 3458 10
714 3404 839 3458 Subinde
858 3411 891 3458 P:
911 3405 989 3459 subit
1006 3404 1073 3458 inde
1092 3412 1118 3458 c.
1179 3411 1211 3458 11
1231 3420 1307 3457 moe-

281 3476 340 3546 nia]
361 3474 490 3528 menenio
508 3481 539 3529 V.
615 3482 647 3530 12
668 3476 791 3547 omissis]
811 3476 908 3530 omisis
927 3481 956 3530 B.
1040 3475 1307 3544 1311111111-

281 3547 333 3600 bus
353 3548 506 3601 Kincbr'us:
527 3564 591 3601 cum
609 3548 712 3614 quibus
731 3554 759 3614 Ρ,
779 3564 813 3600 ex
832 3547 935 3614 quibus
955 3554 979 3600 c.
1046 3552 1080 3601 18
1099 3547 1168 3618 icta]
1188 3546 1265 3601 iacta
1278 3554 1307 3601 Ρ.

282 3624 316 3670 10
336 3617 468 3688 clipeum]
494 3618 625 3687 clypeum
643 3624 714 3673 Bm.
725 3636 770 3687 pr.
785 3624 864 3672 m.
957 3618 1100 3689 Aristono]
1120 3618 1261 3672 aristonos
1278 3624 1306 3670 Ρ.

282 3695 315 3742 22
336 3690 383 3761 ad]
403 3706 455 3743 om.
470 3695 497 3743 P.
559 3695 594 3743 24
613 3688 704 3744 omnis
725 3691 854 3745 Medius:
874 3706 971 3743 omnes
989 3694 1021 3744 Δ.
1082 3696 1116 3743 25
1135 3689 1306 3759 perfregere]

281 3761 457 3831 perfringere
476 3767 503 3814 Ρ.
605 3761 748 3832 inrupere]
767 3762 922 3831 irrumpere
941 3768 969 3814 Ρ.
1082 3767 1117 3815 28
1136 3762 1306 3830 occurrerat]

281 3835 472 3886 occurrererat
490 3837 520 3885 V.
