3150 4459
301 436 368 500 220
595 518 609 544 s
680 434 711 501 Q·
731 434 842 490 ouum
859 435 955 489 RUFI*
1042 472 1044 492 2

302 598 422 683 spatio,
458 597 576 664 intenti
607 599 643 663 in
678 602 829 664 eventum
865 621 932 664 non
964 599 1083 666 dueum
1119 597 1231 679 modo,
1269 598 1328 670 sed

302 689 400 753 etiam
424 709 500 752 suae
523 686 634 770 sortis,
662 688 782 773 quippe
796 688 946 756 alienum
971 688 1142 754 discrimen
1172 686 1326 752 seeuturi.

249 794 283 842 36
301 776 397 843 Prior
420 776 575 842 barbarus
599 776 707 841 emisit
729 776 868 843 hastam:
898 799 995 862 quam
1018 773 1173 862 Erigyius
1197 776 1327 842 modiaa

302 868 417 951 eapitis
445 865 658 931 declinatione
688 866 820 931 evitavit
847 871 944 950 atque
972 866 1043 951 ipse
1071 866 1223 931 infestam
1246 866 1326 932 sari-

302 978 371 1021 sam
390 976 473 1039 equo
494 955 670 1021 onearibus
690 956 851 1021 concitato
870 956 906 1020 iu
923 954 1029 1020 medio
1048 954 1177 1019 barbari
1190 959 1326 1040 gutture
1355 981 1370 1021 a

248 1062 282 1109 er
301 1044 349 1109 ita
371 1045 458 1127 fixit,
487 1047 525 1109 ut
552 1066 611 1128 per
632 1043 788 1111 eervieem
817 1044 979 1109 emineret.
1013 1043 1262 1127 ¹Praecipitatus
1287 1066 1328 1107 ex
1365 1107 1367 1111 .

302 1155 386 1217 equo
409 1134 566 1199 barbarus
590 1132 695 1197 adhue
717 1137 826 1198 tamen
849 1133 1060 1221 repugnabat.
1106 1131 1170 1197 Sed
1192 1132 1248 1196 ille
1273 1154 1328 1197 ex-

301 1226 479 1287 traotame
506 1222 637 1288 vulnere
660 1222 787 1288 hastam
814 1244 925 1288 rursus
953 1224 988 1286 in
1011 1244 1047 1287 os
1075 1222 1214 1307 dirigit..
1242 1219 1328 1286 Sati-

301 1311 454 1377 baraanes
485 1334 581 1377 manu
606 1310 798 1395 conplexus,
825 1333 889 1396 quo
917 1312 1074 1378 maturius
1098 1312 1260 1393 interiret,
1284 1313 1327 1375 io-

249 1416 282 1465 aa
303 1404 374 1466 tum
400 1400 506 1465 hostis
535 1400 668 1465 adiuvit.
717 1398 762 1463 Et
789 1400 919 1466 barbari
950 1400 1029 1466 duee
1064 1401 1198 1483 amisso,
1228 1422 1328 1483 quem
1344 1426 1372 1465 ιο

302 1489 405 1575 magis
428 1489 619 1555 necessitate
643 1512 737 1573 quam
759 1494 874 1573 sponte
894 1490 996 1558 seuuti
1015 1493 1115 1573 eraut,
1137 1493 1215 1553 tune
1237 1489 1329 1553 haud

301 1578 495 1644 inmemores
517 1579 707 1643 meritorum
720 1577 898 1644 Alexandri
916 1602 1006 1646 arma
1023 1578 1160 1664 Erigyio
1184 1578 1327 1643 tradunt.

250 1685 282 1733 39
302 1667 373 1733 Rex
396 1667 448 1732 his
473 1667 603 1752 quidem
622 1668 736 1753 laetus,
759 1666 799 1731 de
819 1665 987 1752 Spartanis
1006 1667 1256 1752 haudquaquam
1282 1689 1329 1731 se

302 1779 398 1821 eurus
422 1778 541 1842 magno
565 1760 672 1822 tamen
696 1756 803 1822 animo
828 1757 987 1824 defectum
1020 1778 1131 1823 eorum
1161 1756 1251 1839 tulit,
1272 1755 1329 1827 ,di-

299 1868 378 1912 oens
400 1868 467 1911 non
494 1849 569 1910 ante
597 1867 692 1912 ausos
723 1845 857 1911 consilia
887 1846 1009 1911 nudare
1032 1869 1130 1931 quam
1154 1846 1267 1930 ipsum,
1287 1845 1329 1909 ad
1344 1872 1371 1911 rs

249 1952 284 1999 40
302 1936 383 2000 fines
406 1934 517 2000 Indiae
540 1934 724 2019 pervenisse
748 1938 952 2021 cognossent.
998 1934 1071 2018 Ipse
1094 1935 1232 1999 Bessum
1255 1956 1329 2018 per-

303 2046 440 2109 sequens
464 2024 573 2107 copias
592 2023 711 2089 movit:
735 2023 789 2090 eui
802 2023 957 2109 Erigyius
975 2024 1116 2088 barbari-
1128 2028 1234 2109 eaput,
1259 2024 1329 2107 opi·

302 2136 392 2178 mum
414 2113 492 2179 belli
517 2112 622 2195 decus,
645 2113 830 2197 praeferens
850 2110 1003 2178 'occurrit

249 2210 292 2264 -Υ
371 2201 477 2289 Igitur
497 2200 750 2267 'Bactrianorum
777 2202 909 2288 regione
932 2201 1093 2267 Artabazo
1121 2201 1240 2267 tradita
1263 2224 1330 2266 sar-
1344 2212 1384 2266 to

303 2293 391 2356 ainas
415 2296 447 2355 et
469 2290 688 2375 iupedimenta
714 2290 763 2357 ibi
786 2312 859 2356 oum
882 2291 1044 2375 praesidio
1067 2290 1230 2376 relinquit,
1258 2291 1329 2374 ipse
1345 2323 1371 2363 20

302 2402 376 2445 eum
400 2381 549 2465 expedito
574 2379 703 2465 agmine
726 2379 798 2444 loca
821 2380 946 2445 deserta
966 2379 1203 2465 Sogdianorum
1227 2382 1330 2446 intrat

375 2615 389 2661 1
410 2609 553 2679 eventum]
571 2611 689 2662 uentum
703 2614 732 2661 P.
799 2608 903 2663 ducum
921 2610 1140 2665 transiremur:
1161 2609 1281 2662 duorum
1294 2614 1327 2667 A.

303 2685 319 2732 2
345 2696 412 2734 auae
439 2680 537 2751 sortis]
565 2696 629 2735 suas
652 2678 745 2733 hostis
758 2684 790 2733 V.
899 2681 1036 2806 secuturi]
1062 2682 1160 2735 seeutu
1184 2685 1205 2732 P
1228 2697 1262 2734 m.
1281 2699 1328 2749 pr.

303 2750 463 2823 thartam]
483 2753 575 2805 astam
588 2756 636 2804 Pv
650 2769 685 2806 aa.
695 2770 742 2822 pr.
804 2750 936 2821 Erigyius
959 2752 1019 2807 Fre
1037 2754 1129 2807 eatae:
1162 2751 1276 2821 eriguua
1294 2758 1327 2807 A.

303 2828 320 2875 4
339 2822 542 2895 declinatione]
562 2822 745 2889 dedinatione
758 2828 787 2875 P.
840 2886 841 2889 Ἴ
860 2822 975 2877 evitavit
993 2829 1019 2877 1:
1037 2822 1144 2877 uitauit
1157 2827 1187 2876 A.
1258 2824 1330 2877 sari-

303 2910 365 2948 sam
378 2895 490 2963 eera'pa:
510 2894 642 2948 sarissam
658 2900 684 2961 0,
698 2909 839 2949 sarassam
852 2899 880 2948 P.
936 2899 952 2947 5
973 2894 1114 2949 concitato
1128 2900 1154 2947 1:
1170 2893 1280 2948 concito
1294 2900 1329 2949 A.

304 2971 319 3018 6
335 2965 484 3037 emineret]
498 2966 695 3036 amigneretv.
752 2965 1114 3036 textraetam]traetam1..
1170 2971 1187 3021 8
1201 2966 1328 3037 hastam]

303 3039 395 3091 astam
413 3042 432 3089 1.
451 3055 486 3091 m.
496 3054 543 3106 pr.
558 3042 589 3091 v.
679 3037 721 3108 os]
745 3037 797 3090 hos
816 3042 837 3090 P
855 3055 890 3091 m.
904 3054 951 3106 pr.
1043 3036 1217 3108 tinteriret]
1240 3037 1329 3091 inter-

303 3109 372 3163 isset
389 3113 421 3161 V.
508 3108 609 3179 iatum]
627 3107 736 3162 hiatum
754 3112 786 3161 V.
877 3113 910 3161 10
930 3108 1033 3179 hostis]
1052 3108 1121 3163 ostis
1140 3112 1161 3160 B
1179 3126 1215 3163 m.
1225 3126 1271 3179 pr.

304 3179 425 3251 adiuvit]
444 3180 543 3233 adiuet
560 3185 589 3233 P.
671 3180 768 3250 quem]
787 3195 843 3247 que
861 3184 893 3248 V,
912 3196 985 3248 quae
1004 3186 1033 3247 P,
1053 3197 1137 3249 quam
1156 3185 1225 3233 Iam.
1235 3197 1282 3249 pr.
1293 3186 1328 3233 P.

305 3258 344 3305 11,
357 3250 461 3333 magis]
482 3251 594 3321 magnis
612 3256 641 3303 P.
742 3251 853 3321 sponte]
879 3251 975 3319 sponti
992 3256 1020 3304 P.
1121 3251 1212 3323 haud]
1231 3255 1281 3310 aut
1300 3258 1327 3306 c.

305 3329 338 3376 12
356 3321 474 3391 Erigyro
497 3323 667 3377 Frobeaiua:
696 3321 794 3393 eriguo
818 3326 849 3375 A.
942 3328 975 3382 13
1000 3321 1160 3394 Spartanis]
1186 3322 1328 3391 opertanis

302 3398 351 3446 PV
364 3411 399 3448 m.
410 3411 456 3463 pr.
496 3444 499 3449 ,
511 3393 734 3462 haudquaquam
747 3394 855 3449 Laeter:
872 3392 951 3449 haud
970 3410 1143 3463 quamquam
1157 3397 1241 3461 PPP,
1256 3393 1329 3449 haut

303 3481 477 3532 quamquam
499 3469 532 3532 L,
558 3468 609 3520 aut
636 3480 810 3534 quamquam
832 3469 863 3518 V.
973 3466 1099 3537 securus]
1123 3468 1270 3521 secuturus
1293 3470 1327 3522 V.

304 3543 338 3591 14
357 3536 511 3608 defectum]
530 3536 696 3591 defunctum
714 3542 743 3590 P.
800 3542 833 3590 lt
852 3538 930 3607 ante]
949 3540 1035 3591 antea
1053 3541 1084 3590 V.
1141 3542 1173 3590 17
1193 3536 1330 3607 Erigyius

303 3608 472 3663 Frobeaiua:
499 3607 612 3679 eriguus
631 3613 662 3662 A.
757 3606 873 3661 barbari
896 3610 995 3677 eaput,
1021 3608 1148 3678 opimum
1169 3610 1327 3665 Reatinae:

302 3678 468 3734 barbaricae
487 3680 626 3748 optimum
644 3685 675 3745 1³.
692 3678 835 3734 barbariei
854 3680 992 3747 optimum
1012 3686 1037 3734 0.
1124 3684 1158 3734 20
1177 3678 1329 3753 relinquit]

302 3750 446 3819 relinquid
464 3755 521 3804 Π.
594 3758 628 3806 21
649 3749 774 3821 agmine]
794 3750 903 3806 armine
922 3755 952 3803 V.
1032 3751 1237 3821 Sogdianorum
1259 3752 1328 3809 Gla-

302 3838 417 3878 reanus:
437 3822 626 3877 susitanorum
644 3827 675 3876 A.
1320 3869 1322 3874 ,
