3150 4459
308 401 374 466 372
685 399 717 465 Q.
737 398 846 455 OURTI
864 398 952 454 RUFI

306 566 489 650 proximam
520 564 685 649 regionem
719 564 758 629 ab
791 586 841 644 ea,
877 562 991 627 deinde
1024 583 1177 647 magnam
1212 566 1345 647 partem

254 669 287 718 19
306 651 404 717 Asiae
432 654 477 717 cis
500 653 691 737 Euphraten
717 654 800 718 tanti
831 652 909 716 mali
931 652 1018 715 fama
1040 657 1239 736 pervaserat.
1293 652 1345 717 Ad

307 742 405 807 Darei
437 763 566 826 quoque
599 746 734 807 matrem
767 742 914 806 celeriter
945 740 1069 824 perlata
1096 744 1158 804 est:
1193 739 1345 805 abscissa

307 853 384 918 ergo
409 837 509 914 veste,
532 853 629 915 quam
652 831 766 896 induta
789 834 872 913 erat,
893 830 1066 915 lugubrem
1089 830 1233 912 sumpsit
1258 830 1344 895 lace

254 936 289 985 2ο
307 922 450 1003 ratisque
480 919 623 984 crinibus
652 920 743 985 humi
773 940 890 1004 corpus
920 919 1046 983 abiecit.
1096 915 1285 983 Adsidebat
1315 920 1378 985 eir

307 1011 411 1074 altera
434 1032 473 1074 ex
495 1009 649 1093 neptibus
672 1031 776 1092 nuper
798 1010 950 1074 amissum
973 1006 1264 1092 Hephaestionem,
1290 1009 1344 1073 cni

306 1102 473 1183 nupserat,
504 1100 620 1185 lugens
653 1099 864 1183 propriasque
898 1118 1008 1160 causas
1037 1096 1157 1160 doloris
1190 1096 1226 1162 in
1251 1118 1342 1161 com·

254 1202 287 1252 21
307 1188 398 1252 muni
421 1188 583 1251 maestitia
605 1188 808 1251 retractabat.
847 1185 911 1249 Sed
931 1186 1076 1249 omnium
1096 1206 1231 1249 suornm
1253 1187 1344 1251 mala

307 1274 498 1362 Sisigambis
521 1299 586 1340 una
608 1277 766 1359 capiebat:
791 1276 848 1340 illa
866 1297 965 1358 suam,
988 1275 1046 1338 illa
1062 1273 1212 1357 neptium
1231 1276 1343 1340 vicem

306 1366 412 1429 fiebat.
445 1365 570 1430 Recens
590 1365 683 1430 dolor
701 1364 799 1429 etiam
818 1364 993 1448 praeterita
1011 1366 1227 1428 revocaverat.
1265 1362 1343 1428 Ore
1356 1391 1378 1431 ro

307 1454 398 1518 deres
426 1454 522 1518 modo
551 1454 706 1518 amissum
731 1453 869 1517 Dareum
897 1457 929 1517 et
951 1454 1073 1537 pariter
1096 1451 1234 1517 miserae
1259 1452 1342 1518 dno-

307 1564 378 1606 rum
410 1542 553 1606 filiorum
585 1544 736 1626 exequias
769 1564 838 1606 esse
872 1541 1040 1606 ducendas.
1091 1540 1207 1605 Flebat
1238 1543 1343 1607 simul

254 1646 288 1696 22
306 1635 452 1695 mortuos
470 1632 633 1714 vivosque.
671 1630 774 1707 Quem
793 1631 879 1697 enim
897 1634 1077 1716 puellarum
1098 1635 1246 1695 acturum
1268 1653 1341 1696 esse

308 1721 439 1786 curam?
462 1741 557 1803 quern
582 1720 681 1784 alium
700 1720 846 1785 futurum
861 1718 1103 1784 Alexandrum?
1118 1719 1247 1801 iterum
1268 1742 1341 1785 esse

307 1831 341 1873 se
360 1813 481 1894 captas,
504 1810 620 1873 iterum
640 1810 798 1875 excidisse
817 1830 962 1894 regnum.
1000 1808 1064 1885 Qui
1082 1812 1212 1873 mortuo
1228 1806 1340 1873 Dareo
1354 1834 1375 1876 u

307 1897 395 1982 ipsas
418 1902 571 1982 tueretur,
594 1901 783 1982 repperisse,
813 1898 869 1982 qui
892 1901 968 1982 post
990 1896 1210 1962 Alexandrum
1235 1900 1342 1983 respi-

254 1991 406 2069 arceret,
434 1989 546 2071 utique
569 2009 634 2051 non
657 1992 850 2071 repertores,
897 1986 1035 2051 Subibat
1058 1987 1142 2051 inter
1164 1986 1245 2050 haec
1269 1989 1341 2051 ani·

308 2098 397 2139 mum
417 2094 514 2140 Lxxx
533 2077 647 2141 fratres
667 2099 744 2142 suos
763 2077 875 2141 eodem
895 2077 946 2140 die
965 2076 1004 2139 ab
1020 2073 1120 2152 Ocho,
1144 2075 1339 2141 saevissimo

307 2186 434 2250 regum,
465 2166 642 2230 trucidatos
666 2166 900 2248 adiectumque·
915 2165 1015 2250 stragi
1038 2168 1089 2229 tot
1111 2163 1257 2229 filiorum
1283 2187 1339 2250 pa

308 2257 400 2336 trem,
424 2275 441 2318 e
466 2258 587 2337 septem
610 2254 730 2339 liberis,
754 2276 837 2338 quos
860 2256 1025 2340 genuisset
1048 2254 1127 2337 ipsa,
1156 2275 1261 2321 unum
1287 2276 1339 2319 su-
1352 2279 1374 2320 ro

306 2364 443 2426 perease,
467 2342 574 2427 ipsum
593 2342 734 2407 Dareum
752 2343 901 2407 floruisse
919 2344 1093 2427 paulisper,
1116 2346 1153 2406 ut
1172 2343 1338 2408 crudelius

254 2445 289 2494 24
307 2434 419 2515 posset
446 2432 602 2517 extingui.
648 2431 700 2494 Ad
723 2432 875 2496 ultimum
904 2432 1008 2496 dolori
1037 2430 1208 2497 succubuit
1237 2432 1339 2497 obvo-

307 2520 441 2603 lutoque
463 2520 567 2603 capite
586 2520 760 2585 accidentis
779 2522 915 2606 genibus
935 2522 1001 2585 suis
1019 2525 1149 2604 neptem
1168 2525 1340 2604 nepotem-

307 2630 370 2692 que
400 2613 547 2673 aversata
579 2610 651 2674 cibo
683 2610 805 2693 pariter
834 2610 992 2673 abstinuit
1019 2614 1052 2673 et
1075 2608 1154 2674 luce.
1201 2607 1339 2695 Quinto,

253 2712 288 2762 25
307 2701 481 2781 postquam
511 2699 594 2762 mori
625 2702 795 2783 statuerat,
826 2699 877 2762 die
905 2699 1047 2774 extincta
1074 2702 1131 2761 661.
1177 2698 1338 2785 Magnum
1351 2722 1374 2764 u

306 2787 453 2871 profecto
474 2786 649 2853 Alexandri
673 2788 892 2874 indulgentiae
915 2789 949 2851 in
973 2809 1044 2852 eam
1067 2787 1277 2871 iustitiaeque
1302 2791 1338 2853 in

308 2897 419 2939 omnes
439 2877 584 2959 captivos
604 2876 832 2942 documentum
852 2879 901 2940 est
918 2899 1006 2942 mors
1025 2875 1136 2940 huius:
1156 2898 1239 2959 quae
1261 2897 1338 2941 cum

308 2964 514 3029 sustinuisset
546 2969 621 3048 post
645 2965 786 3031 Dareum
818 2968 939 3048 vivere,
971 2963 1156 3031 Alexandro
1184 2987 1256 3030 esse
1285 2987 1338 3031 su-

306 3057 431 3139 perstes
454 3054 591 3119 erubuit.

382 3210 588 3282 2Euphraten]
598 3211 726 3264 eufraten
736 3218 764 3264 1².
828 3212 1122 3337 3abscissaqabscisa
1132 3217 1159 3263 P.
1216 3216 1337 3279 4quam

308 3288 341 3335 P:
360 3300 418 3350 qua
437 3288 462 3334 0.
572 3288 587 3336 6
607 3282 740 3350 neptibus
759 3284 867 3337 Laeter:
891 3283 990 3353 nepoti
1010 3301 1043 3337 us
1062 3288 1092 3335 Δ.
1201 3280 1337 3351 Hephae—

309 3352 428 3407 stionem
450 3354 566 3421 Corpus:
586 3354 781 3422 ephestionem
799 3359 829 3407 Δ.
906 3359 921 3407 8
941 3354 1096 3426 maestitia]
1117 3352 1247 3407 mesticia
1267 3360 1297 3408 V.

308 3425 481 3479 retractabat
509 3426 731 3480 Freinshemius:
759 3426 954 3479 retractabant
980 3431 1011 3480 Δ.
1108 3431 1124 3478 9
1154 3424 1335 3497 Sisigambis]

309 3495 499 3565 sisimgambis
514 3502 542 3549 P.
617 3502 650 3549 14
665 3496 761 3567 quern]
776 3514 862 3564 quarn
877 3503 902 3549 0.
977 3502 1010 3550 15
1030 3496 1167 3550 excidisse
1182 3501 1202 3548 B
1219 3513 1255 3549 m.
1269 3513 1334 3552 acc:

310 3566 451 3621 excedisse
466 3571 496 3619 Δ.
565 3584 684 3637 regnum
697 3573 717 3619 P
731 3586 766 3622 m.
777 3586 837 3636 ρης
862 3583 949 3637 regno
969 3574 1012 3620 cl>
1030 3585 1064 3622 m.
1080 3585 1128 3623 sec.
1204 3572 1237 3620 16
1257 3567 1335 3637 ipsas

309 3638 447 3720 tueretur]
466 3639 528 3705 ipsa
547 3640 708 3707 stuperetur
725 3645 753 3692 P.
840 3640 916 3710 post]
935 3638 1000 3707 plns
1020 3644 1045 3691 0.
1118 3645 1152 3693 22
1172 3638 1335 3711 succubuit]

311 3709 463 3764 subcubmt
490 3713 568 3762 BLP.
683 3715 717 3761 23
749 3710 950 3793 nepotemque]
983 3711 1154 3779 neptemque
1186 3714 1206 3761 B
1229 3727 1265 3763 mr.
1287 3728 1334 3780 pr.

311 3787 345 3836 26
364 3780 517 3834 Alexandri
536 3786 568 3834 P:
589 3780 740 3834 alexandro
759 3788 784 3833 0.
858 3780 1053 3853 iustit1aeque]
1072 3781 1259 3850 iusticiaequc
1278 3787 1335 3836 LV.
