3150 4459
313 424 381 491 310
693 423 724 489 Q.
744 422 855 478 CURTI
873 422 960 477 RUFI

313 588 383 653 bus.
429 587 528 653 Virus
561 590 647 653 haud
679 592 782 653 ullum
816 587 920 672 magis
952 585 1087 650 noxium
1122 590 1197 651 est:
1242 590 1362 671 quippe

313 699 458 741 morsum
477 700 627 762 praesens
647 700 734 742 mors
753 676 956 760 sequebatur,
978 675 1079 738 donec
1100 676 1144 739 ab
1169 676 1302 741 incolis
1320 698 1362 739 re

261 784 294 831 13
314 767 455 831 medium
480 766 624 831 oblatum
648 771 706 832 est.
742 766 829 830 Hinc
851 788 909 849 per
933 766 1058 830 deserta
1080 768 1231 831 ventum
1255 769 1309 831 est
1328 765 1364 829 ad

313 856 435 921 flumen
459 856 640 941 Hyraotim.
687 854 840 921 Iunctum
870 859 938 919 erat
967 853 1095 917 flumini
1126 875 1260 920 nemus
1291 878 1363 940 opa-

314 967 387 1009 cum
416 945 586 1011 arboribus
610 946 689 1009 alibi
712 944 888 1008 invisitatis
911 943 1159 1028 agrestiumque
1185 966 1363 1027 pavonum
1384 971 1393 1009 1

260 1050 294 1099 14
312 1034 522 1098 multitudine
541 1035 703 1118 frequens.
732 1032 854 1097 Castris
873 1032 948 1098 inde
966 1030 1064 1097 motis
1084 1030 1260 1115 oppidum
1276 1033 1364 1098 haud

312 1123 430 1207 procul
451 1125 596 1207 positum
620 1144 740 1189 corona
763 1123 851 1205 capit
874 1121 1106 1203 obsidibusque
1127 1124 1289 1206 acceptis
1311 1124 1363 1189 ati-

313 1212 468 1295 pendium
492 1213 628 1297 inponit.

381 1299 433 1365 Ad
456 1324 607 1388 magnam
631 1301 758 1384 deinde,
785 1307 824 1365 ut
846 1302 880 1365 in
904 1323 941 1365 ea
963 1299 1109 1384 regione,
1133 1301 1266 1365 urbem
1292 1307 1388 1386 per-t

314 1392 416 1473 venit,
447 1413 515 1455 non
544 1413 637 1455 muro
668 1390 787 1472 solum,
821 1391 877 1454 sed
907 1390 1003 1454 etiam
1031 1388 1152 1471 palude
1177 1391 1362 1456 munitam.
1375 1418 1394 1457 u

261 1496 294 1545 15
314 1477 464 1543 Ceterum
496 1479 625 1544 barbari
653 1480 810 1545 vehiculis
839 1481 924 1544 inter
952 1500 985 1542 se
1014 1476 1132 1542 iunctis
1159 1477 1361 1545 dimicaturi

314 1573 537 1634 occurrerunt:
562 1570 627 1633 tela
645 1568 717 1633 aliis
736 1568 858 1649 hastae,
881 1568 953 1633 aliis
973 1587 1099 1632 secures
1124 1571 1240 1651 erant,
1273 1573 1362 1633 tran-

313 1658 528 1741 siliebantque
552 1659 586 1721 in
609 1658 757 1723 vehicula
781 1662 913 1723 strenuo
938 1656 1033 1734 saltu,
1059 1677 1133 1719 cum
1159 1677 1362 1723 succurrere

261 1763 295 1812 16
313 1746 538 1812 laborantibus
567 1749 634 1812 suis
664 1750 791 1813 vellent.
838 1745 888 1812 Ac
916 1747 1022 1830 primo
1047 1743 1222 1809 insolitum
1251 1769 1362 1833 genus

313 1858 443 1921 pugnae
467 1836 659 1901 Macedonas
682 1837 808 1920 terruit,
832 1858 906 1901 cum
930 1835 1058 1899 eminus
1080 1834 1361 1901 vulnerarentur:
1374 1862 1396 1903 n

315 1925 429 1990 deinde
454 1930 564 2010 spreto
587 1930 655 1990 tam
678 1926 845 1990 incondito
870 1924 991 1990 auxilio
1015 1923 1055 1987 ab
1080 1926 1224 2006 utroque
1252 1925 1361 1990 latere

262 2032 294 2079 11
314 2014 472 2079 vehiculis
498 2016 684 2080 circumfusi
707 2018 926 2099 repugnantes
944 2014 1054 2078 fodere
1074 2017 1268 2096 coeperunt.
1313 2015 1361 2079 Et

314 2102 452 2186 vincula,
477 2105 549 2188 quis
574 2108 721 2169 conserta
745 2108 846 2186 erant,
874 2104 970 2167 iussit
993 2102 1101 2175 incidi,
1125 2122 1192 2183 quo
1216 2102 1362 2168 facilius

315 2192 444 2277 singula
467 2195 785 2258 circumvenirentur.
827 2191 943 2276 ltaque
965 2209 1029 2255 vm
1053 2189 1186 2253 milibus
1212 2212 1360 2258 suorum

262 2298 295 2346 18
314 2280 442 2345 amissis
466 2281 500 2345 in
524 2282 680 2367 oppidum
704 2283 902 2368 refugerunt.
939 2281 1075 2345 Postero
1095 2279 1146 2342 die
1166 2280 1271 2345 scalis
1294 2305 1360 2346 un-
1375 2308 1399 2348 11

316 2370 412 2454 dique
436 2371 575 2435 admotis
599 2373 683 2435 muri
707 2375 916 2454 occupantur.
958 2369 1074 2434 Paucis
1097 2369 1282 2452 pernicitas
1308 2393 1361 2435 sa

313 2460 377 2523 luti
400 2461 476 2524 fuit:
501 2462 557 2544 qui
579 2462 633 2525 abi
657 2461 788 2546 cognito
811 2460 902 2524 urbis
922 2458 1048 2524 excidio
1067 2456 1221 2542 paludem
1243 2462 1360 2525 trans-

313 2570 445 2631 navere,
485 2551 518 2612 in
550 2551 656 2614 vicina
688 2550 810 2634 oppida
837 2551 1000 2635 ingentem
1024 2546 1163 2611 intulere
1186 2549 1358 2614 terrorem

314 2638 471 2703 invictum
504 2641 680 2704 exercitum
705 2643 736 2703 et
760 2640 894 2703 deorum
917 2638 1063 2722 profecto
1088 2635 1261 2701 advenisse
1287 2660 1361 2703 me

315 2733 488 2792 morantes.
1375 2755 1399 2795 11

262 2834 295 2883 19
383 2816 565 2881 Alexander
598 2818 638 2882 ad
670 2818 859 2881 vastandam
893 2838 963 2881 eam
993 2816 1159 2901 regionem
1191 2812 1394 2880 Perdicca4

315 2928 388 2970 cum
422 2907 572 2990 expedita
604 2929 703 2971 manu
729 2907 830 2970 misso
858 2910 984 2988 partem
1012 2903 1179 2987 copiarum
1203 2902 1359 2970 Eumeni

315 2996 458 3079 tradidit,
484 3000 522 3059 ut
545 2997 573 3060 is
598 3018 726 3080 quoque
750 2995 905 3060 barbaros
930 2995 970 3058 ad
995 2994 1191 3058 deditionem
1216 2994 1358 3077 conpel-

314 3086 407 3149 leret:
431 3086 501 3167 ipse
525 3090 647 3149 ceteros
671 3084 711 3148 ad
732 3085 847 3149 urbem
865 3084 1015 3167 validam,
1038 3083 1187 3165 inquam
1208 3079 1357 3147 aliarum

388 3250 405 3296 1
431 3242 580 3311 Hyraotim
608 3245 719 3312 scripsi:
748 3242 883 3295 hiarotim
902 3247 933 3296 Α.
978 3242 1015 3294 lu
1042 3246 1063 3293 P
1091 3239 1173 3294 cerba
1200 3238 1354 3295 hiarotim.

317 3315 445 3368 iunctum
461 3317 522 3368 erat
535 3314 644 3367 flumini
659 3330 757 3368 nemus
772 3314 913 3383 opachum
927 3312 1075 3367 arboribus
1093 3308 1162 3363 alibi
1177 3325 1228 3364 orn.
1243 3327 1282 3364 m.
1293 3329 1355 3381 pr„

317 3386 382 3440 add.
402 3403 470 3441 corr.
491 3389 523 3440 iu
541 3387 666 3456 nrarpiuc
685 3386 789 3452 infimo.
883 3390 916 3438 12
935 3381 1205 3452 transiliebantque]
1224 3382 1355 3437 transie-

315 3457 442 3526 bantque
461 3462 529 3512 Lm.
540 3475 587 3527 pr.
603 3464 633 3511 V.
744 3462 777 3510 14
797 3455 913 3527 vellent]
937 3455 1035 3509 uelent
1053 3459 1073 3506 B
1091 3472 1126 3508 m.
1141 3470 1188 3521 pr.
1202 3458 1232 3505 L.
1251 3470 1291 3507 m.
1304 3472 1352 3523 pr.

317 3535 350 3582 11
380 3530 545 3600 coeperunt]
579 3532 714 3597 ceperunt
740 3534 768 3582 Ρ.
886 3533 919 3581 18
952 3526 1053 3609 incidi]
1080 3523 1170 3579 indici
1198 3528 1219 3575 1³
1243 3542 1280 3579 m.
1304 3544 1352 3595 pr.

318 3606 351 3654 19
370 3620 421 3654 vm
441 3600 555 3654 milibus
575 3607 601 3654 1:
620 3620 696 3653 rma
716 3605 742 3667 0,
758 3605 838 3653 'v‘ffra
857 3605 885 3652 1³.
945 3605 979 3652 20
999 3597 1122 3668 amasis]
1146 3595 1243 3649 amisis
1263 3602 1293 3649 P.

317 3672 467 3742 oppidum]
482 3672 599 3741 opidum
609 3678 654 3724 11²
664 3690 697 3725 ru.
704 3689 750 3741 pr.
808 3678 841 3724 22
853 3670 903 3739 qui
912 3672 971 3725 ubi
980 3671 1080 3737 scripsi
1086 3690 1091 3721 :
1104 3667 1153 3736 qui
1162 3672 1193 3719 Δ.
1250 3672 1288 3721 24
1299 3669 1353 3723 ad-

316 3743 438 3814 venisse]
458 3743 594 3797 aduenise
613 3748 633 3795 11
652 3760 687 3797 m.
698 3761 744 3812 pr.
824 3748 858 3795 28
878 3741 1063 3812 conpelleret]
1083 3737 1304 3808 compelleretur
1323 3747 1351 3794 0.

317 3820 351 3867 29
373 3815 470 3886 quam]
489 3832 573 3882 quem
587 3821 618 3868 V.
693 3814 814 3867 aliarum
832 3820 858 3867 I:
879 3813 999 3868 aliorum
1018 3818 1048 3865 Δ.
