3150 4459
300 457 344 520 40
675 455 706 521 Q.
726 455 836 509 ouu'rl
854 455 939 509 RUFI

301 620 377 683 dum
413 619 490 684 belli
521 619 668 684 cladibus
702 620 781 684 satis
816 582 932 684 domiti
964 618 1233 702 aspernabantur:
1267 620 1318 685 sed

301 709 447 774 celeriter
471 709 595 774 subacti
626 708 834 774 oboedienter
857 709 1014 794 imperata
1040 708 1195 773 fecerunt.
1243 708 1317 774 Ara·

265 799 361 864 edus
381 820 510 883 quoque
529 798 636 863 insula
654 797 782 863 deditur
801 798 878 884 regi.
916 797 1112 862 Maritimam
1137 801 1208 863 tum
1230 821 1316 864 oram

301 893 332 952 et
356 890 508 972 pleraque
531 887 661 973 longius
685 888 783 952 etiam
811 910 830 951 a
858 888 940 952 mari
963 885 1143 951 recedentia
1170 910 1228 953 rex
1253 890 1317 953 eius

300 978 431 1062 insulae,
452 974 570 1062 Strato,
588 977 786 1060 possidebat:
811 999 875 1061 quo
894 977 928 1040 in
947 976 1043 1041 fidem
1062 980 1193 1061 accepto
1213 981 1346 1045 castras

264 1068 402 1132 amovit
430 1067 470 1131 ad
498 1067 609 1131 urbem
633 1066 813 1131 Marathon.
859 1065 910 1131 Ibi
939 1065 988 1132 illi
1015 1067 1140 1131 litterae
1169 1089 1189 1131 a
1211 1066 1344 1132 Dareot

298 1157 486 1239 redduntur,
505 1157 622 1241 quibus
641 1160 678 1219 ut
697 1156 832 1238 superbe
851 1155 980 1241 scriptis
994 1155 1201 1220 vehementer
1221 1157 1317 1221 offen-

299 1268 353 1311 sus
377 1248 438 1311 est:
463 1248 631 1330 praecipue
655 1268 728 1309 eum
753 1244 865 1329 movit,
888 1245 973 1330 quod
998 1243 1122 1310 Dareus
1145 1245 1208 1310 sibi
1232 1248 1317 1333 regis

297 1336 429 1400 titulum
465 1357 523 1400 nec
555 1335 691 1399 eundem
726 1334 902 1399 Alexandri
939 1333 1063 1399 nomini
1095 1334 1316 1419 adscripserat

262 1424 488 1489 8P0stulabat
520 1428 628 1489 autem
661 1424 763 1507 magis
797 1446 894 1509 quam
930 1424 1075 1508 petebat,
1111 1427 1148 1488 ut
1185 1430 1360 1514 acceptas!

298 1513 441 1598 pecunia,
466 1516 758 1598 quantamcumque
782 1517 853 1578 tota
875 1512 1063 1578 Macedonia
1087 1517 1230 1599 caperet,
1254 1537 1317 1580 ma·
1358 1521 1360 1592 ξ

297 1607 378 1668 trem
403 1602 466 1667 sibi
489 1607 522 1668 et
540 1604 711 1690 coniugem
729 1603 912 1686 liberosque
931 1603 1129 1668 restitueret:
1153 1603 1192 1668 de
1215 1625 1316 1692 reguo

261 1709 413 1776 eaeque,
441 1693 469 1756 si
497 1693 607 1777 vellet,
634 1692 738 1757 Marte
762 1692 976 1757 contenderet.
1023 1690 1058 1756 si
1087 1692 1217 1757 saniora
1246 1715 1317 1759 con-

297 1780 370 1845 silia
388 1782 518 1846 tandem
541 1782 609 1866 pati
628 1781 798 1866 potuisset,
821 1788 856 1846 ut
875 1785 1045 1847 contentus
1063 1782 1170 1866 patrio
1190 1783 1318 1849 cederet

244 1887 276 1935 10
296 1870 392 1936 alieni
416 1871 544 1956 imperii
567 1871 695 1953 finibus,
724 1871 830 1937 socius
859 1872 1045 1955 amicusque
1074 1876 1164 1937 esset.
1210 1870 1252 1937 In
1283 1896 1351 1939 eas

297 1983 330 2025 sc
348 1961 445 2026 fidem
470 1963 501 2025 et
521 1961 595 2025 dare
618 1963 767 2044 paratum
792 1964 824 2025 ct
842 1961 995 2045 accipere.
1036 1959 1155 2025 Contra
1178 1960 1318 2027 Alexan-

296 2051 352 2115 der
370 2050 404 2114 in
423 2051 511 2115 hunc
530 2050 669 2114 maxime
688 2050 820 2115 modurn
839 2051 1016 2135 rescripsit:
1037 2048 1119 2114 ‘Rex
1132 2048 1318 2118 Alexander

295 2140 400 2205 Dareo
421 2138 452 2205 S.
478 2138 575 2204 Cuius
601 2162 719 2204 uomen
743 2140 920 2225 sumpsisti,
944 2139 1067 2204 Dareus
1087 2137 1238 2226 Graecos,
1262 2143 1318 2227 qui

296 2250 384 2293 oram
403 2229 609 2314 Hellesponti
628 2231 747 2314 tenent,
765 2229 974 2313 coloniasque
992 2228 1188 2295 Graecorum
1207 2228 1318 2297 Ionias

296 2319 384 2382 omni
408 2319 496 2383 clade
518 2319 664 2402 vastavit,
689 2341 761 2384 cum
785 2341 902 2406 magno
928 2318 1041 2383 deinde
1060 2318 1202 2383 exercitu
1229 2344 1318 2386 mare
1331 2347 1354 2387 a

245 2424 274 2471 11
295 2409 420 2473 traiecit
448 2409 550 2473 inlato
574 2408 779 2473 Macedoniae
808 2412 840 2472 et
870 2407 1020 2473 Graeciae
1049 2408 1143 2473 bello.
1190 2408 1319 2476 Rursus
1345 2466 1349 2473 .

295 2497 415 2563 Xerxes
444 2497 551 2585 gentis
581 2498 722 2562 eiusdem
752 2497 792 2561 ad
816 2498 1051 2583 oppugnandos
1078 2520 1138 2562 nos
1167 2520 1244 2565 cum
1273 2501 1315 2565 iu·

296 2587 439 2651 manium
467 2587 678 2652 barbarorum
702 2588 805 2672 copiis
833 2586 934 2651 venit:
971 2587 1026 2671 qui
1054 2587 1161 2651 navali
1189 2589 1318 2672 proelio

294 2676 398 2743 victus
417 2675 621 2741 Mardonium
640 2680 747 2741 tamen
765 2677 897 2760 reliquit
920 2676 955 2740 in
974 2674 1115 2760 Graecia,
1138 2680 1175 2741 ut
1198 2678 1317 2745 absens

243 2782 274 2830 12
295 2788 423 2850 quoque
455 2769 665 2850 popularetur
695 2767 804 2851 urbes,
842 2787 937 2852 agros
970 2769 1084 2830 ureret.
1123 2765 1317 2854 Philippum
1331 2793 1354 2836 a

295 2877 379 2938 vero,
401 2860 567 2940 parentem
591 2878 707 2938 meum,
731 2856 803 2940 quis
827 2857 956 2942 ignorat
980 2855 1019 2919 ab
1044 2856 1083 2919 iis
1108 2855 1319 2923 interfectum

294 2966 371 3027 esse,
396 2966 476 3028 quos
500 2945 640 3030 ingentis
664 2946 818 3029 pecuniae
842 2968 898 3029 spe
917 2944 1170 3011 sollicitaverant
1192 2947 1319 3013 vestri?

293 3033 387 3118 Inpia
419 3036 504 3099 enim
536 3034 621 3099 bella
654 3035 819 3120 suscipitis
852 3038 896 3116 et,
933 3057 1007 3099 cum
1039 3034 1185 3100 habeatis
1216 3059 1318 3123 arma,

293 3123 434 3188 licemini
465 3122 610 3189 hostium
648 3124 768 3208 capita,
806 3124 889 3188 sicut
927 3127 963 3188 tu
999 3123 1145 3208 proxime
1183 3125 1317 3192 talentis

295 3212 390 3293 mille,
418 3214 500 3278 tanti
529 3213 688 3277 exercitus
716 3237 786 3297 rex,
815 3235 1037 3296 percussorem
1065 3213 1099 3277 in
1127 3236 1178 3278 me
1206 3238 1315 3282 emere
1329 3244 1354 3283 aa

244 3320 275 3367 ra
294 3302 434 3366 voluisti.
486 3301 619 3386 Repello
650 3302 752 3388 igitur
781 3302 916 3386 bellum,
947 3325 1012 3367 nou
1043 3303 1153 3367 infero.
1204 3303 1252 3369 Et
1282 3306 1315 3371 di

365 3500 380 3547 3
400 3496 489 3566 oram]
508 3495 607 3549 horam
622 3504 647 3549 c.
722 3502 737 3548 5
757 3496 862 3567 Strato]
884 3499 971 3549 strate
986 3502 1016 3549 V.
1090 3496 1244 3569 tuemini]
1266 3517 1316 3555 no·

292 3566 368 3619 mine
387 3573 406 3618 P
424 3586 459 3621 m.
472 3585 516 3635 pr.
627 3575 658 3622 14
678 3568 828 3639 potuisset]
852 3568 993 3637 putuisset
1011 3573 1040 3621 V.
1150 3574 1186 3622 at
1204 3572 1316 3626 addidi.

294 3644 326 3691 18
345 3637 435 3692 Dareo
451 3638 476 3692 S.
493 3640 613 3708 Icepius:
638 3640 775 3692 dareusA
796 3640 892 3710 [saras
907 3641 947 3710 B]
1040 3640 1198 3711 sumpsisti]
1219 3660 1316 3713 sump-

292 3709 374 3763 sistid
382 3715 411 3763 V.
469 3716 501 3764 19
515 3710 746 3781 oram]horamc.
800 3717 834 3765 24
849 3711 1039 3783 Mardonium]
1049 3712 1217 3765 mardonum
1228 3718 1260 3767 V.

291 3780 418 3853 reliquit]
433 3782 555 3850 reliquid
568 3787 598 3836 V.
662 3788 696 3835 25
711 3783 905 3853 popularetur]
926 3783 1104 3851 copularetur
1115 3781 1145 3836 F.
1205 3788 1315 3859 ureret]

290 3852 401 3907 uiueret
420 3860 448 3906 V.
522 3853 698 3925 Philippum]
718 3853 864 3924 philippus
883 3859 911 3907 F.
986 3860 1019 3909 26
1038 3854 1074 3909 iis
1092 3859 1125 3910 P:
1144 3854 1189 3912 his
1209 3861 1236 3911 (t.
