3150 4459
311 457 377 523 298
689 457 720 522 Q.
741 456 851 512 GURTI
868 407 967 511 RUFI.

310 621 479 706 transfuga
501 625 534 684 et
551 620 664 705 regulo
684 622 719 684 in
737 620 926 703 custodiam,
950 620 1128 703 elephantis
1148 625 1263 685 autem
1285 620 1347 684 Ta

311 710 369 774 xili
401 711 529 774 traditis
560 710 601 772 ad
628 732 755 775 amnem
779 709 956 793 Hydaspen
988 711 1147 793 pervenit,
1180 711 1217 773 in
1249 710 1346 774 cuius

310 800 464 864 ulteriore
493 800 564 882 ripa
587 798 690 863 Porus
722 799 910 863 consederat
938 800 1079 862 transitu
1107 798 1346 882 prohibiturus

276 888 447 953 chostem.
494 906 590 951 nxxx
614 892 692 952 etv
719 888 908 972 elephantos
940 888 1100 953 obiecerat
1123 889 1247 952 eximio
1273 909 1347 951 cor-

248 995 251 1004 “
310 999 427 1061 porum
449 977 565 1042 robore
584 977 733 1061 ultraque
752 999 807 1042 eos
827 999 939 1041 currus
960 994 1024 1042 ccc
1043 983 1075 1041 et
1093 977 1242 1060 peditum
1265 995 1347 1041 xxx
1374 1008 1384 1047 5

311 1068 377 1131 fere
401 1066 500 1151 milia,
522 1068 557 1130 in
581 1067 654 1150 quis
678 1072 769 1132 erant
793 1068 963 1152 sagittarii,
994 1067 1089 1131 sicuti
1113 1071 1187 1129 ante
1213 1067 1346 1131 dictum

310 1162 373 1237 est,
395 1156 608 1241 gravioribus
640 1157 728 1238 telis,
760 1178 859 1240 quam
888 1159 926 1219 ut
955 1160 1030 1239 apte
1058 1155 1165 1220 excuti
1192 1162 1347 1238 possent.

277 1243 418 1329 vlpsum
453 1244 590 1309 vehebat
618 1245 807 1328 elephantus
839 1267 935 1328 super
965 1250 1085 1309 ceteras
1114 1245 1228 1309 beluas
1261 1246 1347 1309 emi·

310 1357 403 1416 nens,
434 1356 588 1417 armaque
611 1357 688 1397 auro
713 1339 745 1398 et
768 1339 903 1420 argento
927 1335 1079 1399 distincta
1103 1356 1222 1417 corpus
1246 1356 1347 1398 rarae

248 1426 271 1494 1
311 1423 544 1508 magnitudinis
567 1423 791 1487 honestabant.
829 1421 892 1486 Par
915 1426 1041 1488 animus
1060 1425 1169 1488 robori
1187 1424 1347 1507 corporis
1361 1456 1385 1496 1⁰

275 1516 358 1594 set,
388 1517 507 1597 quanta
535 1513 620 1576 iuter
648 1514 744 1576 rudes
766 1516 895 1596 poterat
918 1534 995 1597 esse,
1019 1513 1184 1596 sapientia.
1233 1512 1347 1577 Mace
1362 1523 1394 1579 lt

311 1602 412 1666 donas
435 1623 501 1665 non
525 1606 716 1686 conspectus
734 1601 879 1666 hostium
900 1604 1014 1685 solum,
1039 1602 1094 1665 sed
1113 1602 1212 1665 etiam
1231 1602 1346 1666 flumi-

311 1692 376 1774 nis,
399 1692 486 1773 quod
509 1692 739 1755 transeundum
764 1695 846 1775 erat,
872 1691 1062 1775 magnitudo
1086 1692 1237 1755 terrebat.
1289 1709 1347 1754 1111

310 1782 344 1845 in
374 1780 578 1845 latitudinem
609 1780 713 1844 stadia
741 1781 876 1844 diffusus
906 1780 1067 1864 profimdo
1091 1781 1181 1844 alveo
1207 1784 1240 1843 et
1264 1802 1346 1844 nus-

276 1886 292 1935 9
312 1892 408 1953 quam
432 1870 514 1933 vada
537 1871 697 1950 aperiente
721 1871 862 1954 speciem
881 1871 965 1933 vasti
982 1871 1080 1933 maris
1099 1871 1228 1933 fecerat.
1267 1868 1345 1935 Nec
1360 1899 1384 1940 n

312 1981 372 2042 pro
397 1960 501 2042 spatio
525 1981 682 2043 aquarum
705 1958 770 2022 late
794 1959 1015 2044 stagnantium
1034 1961 1190 2043 impetum
1212 1980 1345 2022 coerce

312 2048 383 2131 bat,
413 2047 469 2112 sed
499 2050 592 2131 quasi
622 2050 656 2111 in
687 2053 792 2112 artum
824 2049 1014 2114 coeuntibus
1044 2048 1123 2131 ripis
1151 2052 1283 2111 torrens
1311 2052 1345 2111 et

313 2139 410 2201 elisus
440 2136 616 2219 ferebatur,
653 2138 843 2220 occultaque
876 2160 952 2202 saxa
984 2138 1088 2201 inesse
1122 2136 1344 2201 ostendebant

259 2244 293 2291 10
311 2225 459 2309 pluribus
477 2226 558 2290 locis
578 2226 682 2290 undae
700 2248 913 2310 repercussae.
946 2226 1135 2291 Terribilior
1153 2225 1252 2290 facies
1269 2232 1344 2290 erat

310 2317 413 2400 ripae,
443 2338 540 2399 quam
572 2316 646 2397 equi
677 2317 803 2398 virique
834 2316 1071 2399 conpleverant.
1124 2313 1260 2379 Stabant
1295 2317 1345 2379 in-
1359 2347 1385 2386 ,ο

265 2429 285 2489 7
311 2409 425 2490 gentes
454 2408 619 2468 vastorum
653 2426 826 2488 corporum
854 2406 956 2469 moles
984 2409 1016 2469 et
1045 2405 1083 2467 de
1107 2404 1268 2468 industria
1295 2406 1345 2468 in-

258 2496 426 2559 11ritatae
454 2494 614 2557 horrendo
643 2493 779 2558 stridore
808 2517 900 2559 aures
924 2494 1114 2579 fatigabant.
1160 2492 1248 2557 Hinc
1273 2516 1344 2558 am·

311 2584 371 2667 nis,
394 2583 471 2648 hinc
494 2584 598 2646 hostis
623 2585 752 2666 capacia
776 2584 917 2668 quidem*
931 2585 1034 2647 bonae
1058 2584 1126 2666 spei
1148 2586 1284 2666 pectora
1312 2588 1345 2647 et

312 2695 406 2756 saepe
425 2694 501 2736 sane
521 2676 651 2756 experta
667 2672 833 2755 inproviso
848 2677 956 2736 tamen
970 2694 1089 2757 pavore
1103 2677 1343 2754 percusserant.

312 2761 439 2846 Quippe
466 2761 634 2825 instabiles
661 2766 747 2825 rates
776 2784 835 2826 nec
864 2762 961 2847 dirigi
990 2763 1030 2825 ad
1053 2763 1157 2845 ripam
1180 2782 1240 2825 nec
1264 2765 1343 2826 tuto
1360 2791 1386 2832 rs

259 2869 292 2917 12
312 2852 467 2934 adplicari
494 2872 589 2934 posse
617 2852 796 2915 credebant.
842 2850 946 2915 Erant
974 2852 1008 2914 in
1036 2851 1143 2914 medio
1172 2872 1267 2913 amne
1293 2851 1343 2916 in-

312 2940 401 3005 sulae
424 2940 562 3022 crebrae,
586 2942 619 3003 in
643 2962 723 3024 quas
748 2944 780 3003 et
798 2939 871 3003 Indi
895 2945 928 3004 et
945 2939 1138 3004 Macedones
1157 2943 1273 3003 nantes
1297 2940 1357 3004 le·.

311 3031 394 3094 vatis
425 3052 522 3114 super
544 3030 650 3113 capita
673 3030 771 3093 armis
795 3030 986 3093 transibant.
1031 3027 1083 3092 Ibi
1107 3029 1190 3092 levia
1212 3030 1343 3111 proelia

385 3211 397 3258 1
419 3204 579 3275 transfuga]
594 3205 728 3275 tranfuga
742 3210 770 3258 L.
825 3204 936 3274 regulo]
951 3204 1050 3273 regula
1061 3210 1090 3258 P.
1146 3210 1161 3256 2
1182 3202 1341 3272 Hydaspen

311 3278 414 3331 Aldus:
434 3277 553 3345 idaspen
572 3282 602 3330 Δ.
686 3277 899 3346 3consederat]
919 3276 1080 3329 considerat
1098 3282 1128 3329 v.
1210 3274 1342 3343 prohibi-

311 3349 403 3418 turus]
422 3347 625 3416 prohibuturus
639 3354 668 3414 P,
688 3347 864 3416 proibiturus
882 3354 912 3400 V.
954 3354 984 3401 «4
1000 3346 1176 3416 elephantos]
1192 3346 1340 3414 eliephan-
1385 3370 1387 3374 ·

311 3422 355 3473 tos
374 3426 401 3472 P.
512 3424 527 3471 6
551 3418 623 3490 fere]
647 3418 705 3472 fere
728 3420 859 3487 peditum
881 3425 914 3484 P,
938 3420 985 3473 aed
1012 3419 1142 3488 peditum
1168 3433 1245 3471 nunc
1267 3435 1340 3474 crus.

312 3496 328 3545 8
343 3490 475 3562 vehebat]
494 3490 637 3544 uehebant
652 3497 673 3543 P
690 3508 725 3543 m.
735 3509 782 3560 pr.
837 3497 868 3544 12
889 3490 1067 3560 conspectus]
1082 3488 1195 3559 spectus
1209 3494 1230 3541 P
1245 3506 1279 3542 m.
1293 3507 1340 3558 pr.

313 3568 347 3616 14
366 3561 496 3633 diffusus]
517 3560 603 3614 diffus
616 3569 644 3616 P.
707 3580 849 3629 nusquam
864 3568 896 3615 P:
916 3578 1070 3628 numquam
1090 3568 1114 3614 c.
1173 3566 1205 3613 16
1226 3576 1340 3615 coerce-

311 3633 373 3704 bat]
393 3634 561 3687 cohercebat
579 3638 599 3685 B
619 3653 653 3686 uz.
669 3651 714 3701 pr.
791 3640 821 3687 17
842 3633 936 3703 quasi]
957 3649 1028 3701 quas
1047 3639 1078 3686 v.
1154 3636 1187 3685 18
1206 3633 1340 3686 ostende-

311 3705 392 3775 bant]
412 3705 581 3759 ostendebat
594 3711 614 3756 P
628 3724 661 3758 m.
675 3722 730 3773 pr,
749 3706 923 3758 ostendeban
939 3710 960 3756 V
975 3723 1009 3757 m.
1020 3722 1066 3773 pr.
1124 3708 1156 3757 19
1171 3702 1260 3756 sacies
1275 3708 1341 3758 erat

310 3782 343 3829 P:
364 3778 426 3830 erat
444 3776 532 3830 facies
552 3783 577 3829 c.
666 3782 699 3829 20
720 3776 932 3846 conpleverant]
952 3776 1145 3843 compleuerat
1163 3780 1182 3827 L
1202 3792 1236 3828 m.
1247 3792 1304 3843 pr.
1317 3782 1340 3828 v

311 3866 398 3916 napa
472 3854 507 3901 24
525 3865 593 3902 sane
611 3850 722 3915 scrrpsi:
743 3865 776 3900 se
791 3852 821 3901 A.
896 3853 929 3901 ⁴26
945 3847 1045 3917 Erant]
1061 3848 1155 3900 errant
1173 3851 1242 3899 Pur.
1253 3864 1303 3915 pr.
