3150 4459
488 435 744 491 HISTORIARUM
763 434 980 489 ALEXANDBI
998 435 1032 502 X,
1053 441 1077 487 1.
1229 434 1294 498 353

268 597 399 662 vulnere
430 600 577 664 interisse
602 604 852 684 oppressosque,
885 598 941 681 qui
964 600 1188 661 vulnerassent
1212 621 1294 662 eum.

268 686 373 771 Igitur
395 687 549 772 Philippo
583 690 753 753 substituit
775 688 1018 751 Eudaemonem
1053 725 1093 732 —
1128 688 1192 751 dux
1225 692 1294 752 erat
1314 702 1348 750 21

268 776 430 853 Thracum
454 816 506 859 -,
530 776 677 842 Abisaris
702 797 837 863 regnum
861 777 930 841 filio
955 776 1024 840 eius
1048 775 1205 840 attribuit.

234 869 253 923 4
335 864 478 930 Ventum
511 872 560 931 est
591 868 704 931 deinde
736 865 932 952 Parsagada:
963 865 1097 931 Persica
1124 869 1174 931 est
1206 887 1295 951 gens,
1314 881 1348 929 22

237 980 253 1019 e
268 956 358 1018 euius
383 960 528 1040 satrapes
548 954 679 1020 Orsines
703 960 781 1039 erat,
809 954 980 1020 nobilitate
1004 977 1040 1019 ao
1064 955 1186 1019 divitiis
1210 956 1295 1018 inter

268 1065 379 1107 omnes
399 1044 553 1109 barbaros
573 1046 725 1110 eminens.
762 1044 871 1109 Genus
891 1044 1027 1108 ducebat
1046 1041 1174 1127 aOyro,
1194 1065 1294 1127 quon·
1314 1058 1347 1105 23

269 1135 342 1198 dam
365 1156 441 1218 rege
465 1134 649 1198 Persarum:
679 1156 756 1217 opes
781 1138 813 1198 et
838 1157 856 1197 a
880 1133 1056 1197 maioribus
1080 1133 1215 1197 traditas
1239 1134 1294 1196 ha-

268 1222 364 1287 bebat
392 1227 424 1286 et
455 1223 524 1305 ipse
554 1225 653 1308 longa
682 1224 811 1308 imperii
838 1224 1042 1307 possessione
1066 1222 1294 1286 cumulaverat.

268 1311 299 1375 ls
330 1314 399 1396 regi
431 1334 503 1377 aum
534 1316 638 1377 omnis
662 1314 789 1398 generis
813 1311 921 1395 donis,
953 1334 1017 1374 non
1041 1312 1104 1395 ipsi
1127 1312 1223 1375 modo
1249 1333 1294 1391 ea,
1313 1326 1348 1373 24

228 1426 254 1464 ιο
269 1402 324 1465 sed
348 1402 445 1465 etiam
468 1402 580 1466 amieis
604 1403 672 1466 eius
697 1403 839 1485 daturne,
863 1400 1011 1465 occurrit.
1049 1401 1219 1483 Equorum
1241 1400 1294 1464 do-

269 1491 341 1553 miti
373 1512 486 1576 greges
519 1492 737 1575 sequebantur
774 1512 950 1572 currusque
982 1494 1117 1575 argento
1150 1495 1182 1554 et
1215 1512 1293 1553 auro

268 1580 428 1662 adomati,
462 1580 603 1663 pretiosa
631 1584 774 1664 supellex
802 1586 835 1644 et
857 1579 983 1645 nobiles
1007 1601 1166 1664 gemmae,
1198 1601 1295 1643 aurea

269 1669 378 1753 magni
410 1671 562 1752 ponderis
595 1693 671 1734 vasa
704 1675 872 1752 vestesque
904 1691 1085 1753 purpureae
1114 1674 1146 1732 et
1175 1668 1294 1753 signati

269 1758 394 1842 argenti
422 1758 581 1822 talentum
604 1778 644 1821 111
672 1758 771 1822 milia.
819 1758 968 1822 Ceterum
996 1761 1088 1822 tanta
1110 1758 1294 1842 benignitas
1314 1773 1347 1821 25

229 1873 254 1913 15
268 1846 405 1910 barbaro
436 1869 532 1910 eausa
559 1848 675 1912 mortis
703 1848 775 1911 fuit.
822 1847 907 1911 Nam
936 1868 1008 1910 oum
1037 1869 1148 1910 omnes
1172 1848 1293 1911 amieos

269 1937 354 2020 regis
397 1936 490 1999 donis
534 1959 632 2019 snper
673 1937 819 2020 ipsorum
849 1941 925 2000 vota
962 1936 1127 2017 coluisset,
1164 1935 1294 2021 Bagoae

269 2026 414 2108 spadoni,
438 2026 494 2107 qui
513 2024 733 2089 Alexandrum
759 2026 916 2109 obsequio
941 2026 1084 2109 corporis
1107 2025 1294 2089 devinxerat

268 2114 343 2193 sibi,
375 2117 502 2179 nullum
528 2115 684 2179 honorem
709 2115 824 2179 habuit
847 2114 1095 2196 admonitusque
1120 2137 1138 2177 a
1162 2115 1293 2197 quibus·
1312 2129 1346 2177 26

269 2203 342 2266 dam
370 2204 515 2287 Bagoam
538 2202 724 2269 Alexandro
754 2204 843 2268 eordi
871 2225 940 2268 esse
962 2204 1143 2287 respondit,
1172 2204 1293 2267 amieos

229 2320 254 2359 ao
269 2292 364 2377 regis,
388 2314 453 2357 non
478 2298 584 2357 scorta
608 2316 641 2357 se
665 2293 770 2358 oolere
794 2315 852 2357 neo
876 2292 976 2357 moris
1000 2314 1068 2356 esse
1090 2292 1206 2374 Persis,
1229 2315 1294 2356 ma-

261 2379 319 2444 res
353 2382 480 2465 ducere,
520 2383 577 2465 qui
607 2387 719 2466 stupro
751 2382 1019 2446 effeminarentur.
1080 2381 1141 2445 His
1174 2382 1293 2446 auditis
1312 2385 1347 2445 27

269 2471 368 2552 spado
399 2471 578 2553 potentiam
600 2472 726 2557 flagitio
751 2476 784 2535 et
808 2472 960 2536 dedecore
985 2472 1162 2554 quaesitam
1187 2471 1221 2534 in
1245 2492 1293 2535 oa-

268 2564 328 2642 put
356 2561 549 2625 nobilissimi
578 2565 610 2625 et
638 2561 778 2625 insontis
806 2562 959 2625 exercuit.
1009 2560 1158 2643 Namque
1186 2560 1293 2646 gentis
1336 2575 1337 2579 ’

269 2650 411 2713 eiusdem
434 2650 616 2714 levissimos
639 2650 730 2714 salsis
753 2650 943 2714 criminibus
969 2649 1052 2713 elam
1074 2650 1202 2730 struxit,
1226 2670 1292 2713 mo-

228 2765 254 2805 rs
269 2738 354 2803 nitos
378 2744 448 2802 tum
472 2740 601 2803 demum
625 2762 662 2803 ea
686 2739 822 2821 deferre,
851 2762 924 2803 oum
948 2738 1017 2822 ipse
1040 2739 1194 2803 iussisset.
1242 2738 1291 2802 ln-
1312 2753 1346 2802 28

340 2972 355 3018 2
376 2966 520 3037 Philippo]
539 2967 678 3036 phylippo
693 2973 723 3021 v.
780 2967 989 3020 Eudaemonem
1003 2968 1172 3022 Frobenias:
1193 2968 1292 3022 eodae-

267 3054 379 3090 monem
397 3042 482 3104 BH,
502 3038 684 3092 eodemonem
704 3045 759 3091 PV.
871 3045 887 3089 3
908 3037 1048 3092 Thracum
1067 3043 1087 3090 B
1102 3058 1136 3094 m.
1152 3056 1214 3093 sea:
1234 3042 1292 3092 tra-

268 3126 332 3161 cum
355 3116 387 3171 c,
416 3112 539 3162 tractum
566 3116 594 3163 Ρ,
703 3109 831 3163 Abisaris
855 3111 1074 3164 Freinshemius:
1108 3110 1242 3165 abissaris
1270 3115 1293 3162 A

268 3180 416 3249 [abissaris
435 3182 475 3250 η.
563 3188 580 3235 4
598 3181 761 3251 Parsagada
786 3182 878 3251 Vogel:
898 3197 1052 3250 persagara
1070 3186 1100 3235 Δ.
1183 3187 1199 3234 5
1220 3182 1292 3234 divi-

267 3251 327 3321 tiis]
348 3251 460 3303 diuiciis
475 3258 503 3305 F.
561 3253 624 3323 la]
644 3270 696 3307 orn.
711 3258 732 3305 B
747 3272 780 3306 m.
792 3270 838 3321 pr.
895 3256 915 3320 8,
931 3252 1003 3323 ipse]
1023 3253 1086 3321 ipsa
1099 3258 1127 3305 P.
1184 3254 1291 3325 trogi]

266 3339 297 3376 re
316 3327 343 3374 P.
422 3322 545 3394 generis]
563 3324 658 3393 gentis
676 3330 696 3377 Ρ
711 3343 745 3378 m.
755 3343 802 3392 pr.
882 3323 937 3391 ipsi
956 3330 982 3376 I:
1001 3324 1063 3392 ipso
1082 3328 1112 3377 A.
1194 3332 1226 3378 12
1247 3342 1292 3378 su-

267 3393 371 3465 pellex]
391 3394 537 3462 suppellex
555 3400 583 3447 1’.
658 3402 690 3449 13
709 3394 870 3466 vestesque]
889 3395 1033 3463 uestisque
1047 3401 1075 3448 P.
1150 3401 1184 3449 14
1202 3396 1292 3451 talen-

266 3466 340 3536 tum]
359 3466 469 3519 talenta
488 3472 513 3518 0.
569 3486 603 3519 ιιι
620 3467 715 3520 milia
741 3462 873 3520 ¹Ceterum
891 3468 985 3538 tanta]
1004 3484 1055 3521 ona.
1070 3471 1090 3518 B
1105 3485 1139 3520 m.
1150 3486 1205 3535 pr,
1226 3469 1290 3522 aad.

267 3538 298 3589 in
317 3539 442 3606 margine
460 3554 538 3602 eor-a,
556 3540 604 3592 sed
622 3539 677 3603 itu,
700 3546 733 3592 ut
750 3540 866 3593 scribat:
890 3558 941 3591 ιιιι.
1022 3543 1066 3597 .17
1087 3538 1252 3593 devinxerat
1270 3545 1290 3591 Β

267 3626 300 3660 m.
315 3625 378 3661 sea:
399 3609 544 3662 dauixerat
563 3613 594 3662 A.
666 3614 697 3662 19
717 3610 844 3678 Bagoam
863 3611 983 3678 Ieapius:
1004 3625 1105 3677 equam
1125 3617 1151 3676 0,
1171 3626 1244 3681 equa
1262 3618 1290 3664 Ρ,

267 3685 300 3731 20
320 3682 424 3749 scorta]
444 3682 550 3733 seortas
569 3687 597 3733 1³.
706 3687 738 3734 21
760 3680 1002 3751 effeminarentur]
1022 3680 1242 3735 eieminarentur
1259 3688 1290 3735 V.

267 3756 299 3801 22
319 3752 416 3821 eaput]
437 3751 529 3819 capud
543 3756 574 3803 V.
631 3757 665 3804 24
683 3751 776 3824 falsis]
796 3751 863 3805 falsi
877 3758 905 3804 Ρ.
966 3752 1038 3806 elam
1057 3753 1161 3806 struxit
1178 3756 1290 3823 sor⁴ipaiz

266 3822 406 3874 adstruxit
425 3828 454 3876 Δ.
529 3823 651 3876 monitos
670 3824 743 3894 tum]
761 3823 871 3877 monito
890 3823 987 3877 fiotum
1005 3829 1036 3876 V.

320 3922 425 3961 Guarxus
439 3922 521 3961 Rarus
536 3922 570 3961 ed.
585 3923 722 3961 Hedicke.
752 3923 794 3962 Ed.
810 3924 889 3962 maior.
1094 3918 1130 3963 ‘23
