3150 4459
321 431 387 495 360
702 429 733 495 Q.
753 428 864 483 CURTI
882 429 968 483 RUFI

319 594 371 658 liti
404 597 508 658 status
536 594 619 676 eius,
652 615 748 676 quem
776 593 933 657 beneficio
962 593 1097 657 exuistis
1127 616 1226 679 meo,
1262 594 1361 682 digni,

318 683 462 767 hercule,
493 684 548 766 qui
572 683 607 745 in
630 682 742 747 eodem
766 683 1016 765 consenescatis,
1041 682 1203 764 quoniam
1230 684 1360 749 facilius

320 776 370 836 est
396 772 489 836 vobis
517 772 683 836 adversam
712 793 808 853 quam
837 772 1009 835 secundam
1037 792 1149 856 regere
1173 772 1359 838 fortunam.

266 881 300 930 23
319 862 371 925 En
401 861 618 926 imolentiam!
659 860 848 943 lllyriorum
878 861 976 945 paulo
1007 864 1081 924 ante
1113 864 1147 923 et
1176 860 1358 928 Persarum

320 950 498 1015 tributariis
521 949 601 1014 Asia
633 954 666 1014 et
696 953 747 1013 tot
779 951 926 1034 gentium
960 949 1064 1033 spolia
1090 948 1232 1015 fastidio
1267 954 1387 1019 suntls

318 1040 415 1105 modo
440 1040 499 1103 sub
514 1038 668 1123 Philippo
692 1038 868 1103 seminudis
892 1039 1031 1104 amicula
1054 1059 1092 1101 ex
1115 1061 1272 1123 purpura
1292 1063 1358 1106 sor-

318 1130 408 1193 dent!
446 1151 559 1192 aurum
593 1133 625 1192 et
657 1131 827 1213 argentum
861 1127 946 1192 oculi
978 1128 1062 1192 ferre
1094 1149 1161 1192 non
1195 1132 1356 1212 possunt!

318 1218 442 1304 Lignea
470 1218 555 1283 enim
584 1240 660 1281 vasa
690 1217 872 1281 desiderant
895 1221 928 1281 et
951 1240 990 1281 ex
1014 1215 1157 1281 cratibus
1181 1224 1283 1283 scuta
1307 1242 1357 1284 ro

265 1326 299 1374 24
318 1307 528 1391 biginemque
546 1306 738 1391 gladiorum.
784 1306 856 1370 Hoc
880 1308 969 1370 cultu
993 1307 1133 1370 nitentes
1157 1328 1219 1371 vos
1241 1310 1355 1392 accepi

318 1401 351 1460 et
382 1414 406 1459 o
439 1395 561 1459 talenta
594 1396 675 1459 aeris
703 1395 814 1479 alieni,
847 1416 919 1460 oum
947 1396 1053 1459 omnis
1080 1395 1170 1478 regia
1199 1400 1354 1480 supellex
1365 1423 1385 1464 o

318 1491 393 1551 esset
425 1485 512 1549 haud
543 1485 681 1568 amplius
715 1507 812 1567 quam
844 1502 891 1550 nx
923 1484 1062 1568 talento,
1093 1505 1241 1550 meorum
1275 1508 1353 1551 mox

318 1596 453 1658 operum
480 1575 697 1638 fundament.
748 1572 873 1649 Quibus
902 1578 1010 1637 tamen
1038 1611 1079 1622 -
1111 1572 1200 1637 absit
1225 1575 1354 1640 invidia

264 1682 297 1730 25
317 1664 553 1747 —imperium
572 1664 731 1727 maximae
750 1667 909 1727 terrarum
927 1663 1013 1748 parti
1031 1663 1168 1745 inposui.
1206 1663 1352 1729 Asiaene

318 1757 500 1837 pertaesum
533 1756 595 1835 est,
628 1774 710 1836 quae
742 1774 801 1815 vos
834 1752 938 1838 gloria
969 1774 1077 1816 rerum
1104 1756 1275 1837 gestarum
1301 1754 1351 1819 dis

317 1864 411 1926 pares
442 1842 540 1906 fecit?
577 1840 616 1906 In
639 1842 806 1926 Europam
829 1842 876 1905 ire
900 1841 1084 1926 properatis
1106 1861 1182 1925 rege
1207 1842 1382 1927 desertus

318 1954 391 1996 oum
422 1930 570 2015 pluribus
600 1935 743 1996 vestrum
772 1931 958 1995 defuturum
988 1932 1141 1995 viaticum
1166 1931 1284 2016 fuerit,
1317 1932 1350 1996 ni

264 2039 298 2087 26
318 2042 370 2084 aes
395 2021 535 2084 alienum
558 2020 705 2103 luissem,
737 2041 853 2104 nempe
876 2021 910 2084 in
933 2020 1079 2084 Asiatica
1100 2019 1230 2103 praeda.
1277 2021 1351 2087 Nec

317 2109 417 2193 pudet
440 2110 601 2194 profundo
630 2113 741 2174 ventre
765 2110 963 2174 devictarum
987 2110 1131 2195 gentium
1155 2110 1265 2192 spolia
1288 2112 1350 2175 cir-

318 2199 531 2263 cumferentes
554 2199 673 2262 reverti
696 2202 778 2262 velle
803 2199 843 2262 ad
865 2198 985 2262 liberos
1009 2199 1243 2282 coniugesque,
1277 2202 1349 2283 qui-

317 2287 377 2351 bus
407 2288 501 2371 pauci
531 2289 674 2370 praemia
704 2288 858 2352 victoriae
888 2288 1025 2371 potestis
1056 2286 1238 2351 ostendere:
1270 2311 1382 2356 namu

318 2380 506 2459 ceterorum,
530 2377 605 2439 dum
631 2376 728 2440 etiam
752 2377 822 2459 spei
845 2380 970 2441 vestrae
994 2376 1121 2442 obviam
1145 2376 1228 2460 istis,
1258 2400 1349 2443 arma

262 2484 296 2531 27
317 2487 445 2548 quoque
474 2466 604 2551 pignori
633 2468 716 2529 sunt.
763 2466 863 2531 Bonis
891 2488 967 2531 vero
998 2464 1158 2530 militibus
1183 2467 1348 2531 cariturus
1388 2540 1394 2551 ,

317 2577 398 2637 sum,
421 2555 562 2639 pelicum
587 2577 716 2619 suarum
736 2555 934 2638 concubinis,
958 2555 1076 2637 quibus
1095 2554 1157 2619 hoo
1177 2556 1286 2620 solum
1308 2579 1348 2623 ex

315 2646 415 2709 tantis
448 2644 564 2728 opibus
595 2648 754 2727 superest,
784 2645 820 2708 in
849 2644 935 2727 quod
964 2644 1163 2728 inpenditur!
1201 2643 1347 2711 Proinde

316 2734 517 2819 fugientibus
549 2756 601 2796 me
634 2737 766 2817 pateant
798 2734 932 2797 limites!
964 2735 1112 2797 facessite
1138 2733 1214 2797 hino
1239 2737 1345 2800 ocius!
1360 2762 1381 2803 u

316 2844 376 2908 ego
407 2844 480 2887 cum
510 2822 615 2887 Persis
646 2822 834 2887 abeuntium
864 2829 956 2909 terga
985 2823 1123 2887 tutabor.
1170 2821 1346 2888 Neminem

262 2929 296 2977 28
315 2916 422 2976 teneo:
451 2911 586 2992 liberate
610 2911 721 2977 oculos
744 2933 846 2995 meos,
877 2912 1089 2998 ingratissimi
1113 2912 1211 2975 civesl
1250 2912 1345 2978 Laeti

315 3023 373 3066 vos
404 3001 567 3084 excipient
594 3004 744 3085 parentes
774 3001 935 3084 liberique
966 3003 1034 3065 sine
1064 3004 1171 3065 vestro
1195 3023 1274 3085 rege
1297 3024 1346 3067 re-

388 3254 401 3300 l
423 3250 514 3302 status
545 3251 668 3302 statutus
688 3255 755 3302 Lm.
766 3266 813 3317 pr.
891 3255 908 3302 4
934 3248 1129 3303 insolentiam
1147 3248 1260 3315 scripsi:
1280 3251 1345 3303 tan-

315 3319 379 3372 dem
398 3323 429 3373 A.
502 3319 662 3389 llyriorum
681 3321 785 3375 Aldus:
805 3319 954 3373 illiriorum
974 3324 1004 3374 A.
1078 3327 1093 3373 5
1114 3318 1254 3391 gentium]
1275 3336 1345 3389 gen-

316 3390 391 3444 cium
409 3396 438 3443 Ἑ.
520 3392 721 3462 fiseminudis]
741 3391 904 3446 seminudus
923 3398 990 3446 Lm.
1003 3409 1049 3460 pr.
1134 3390 1230 3444 Srobi
1254 3390 1344 3445 ‘nem-

315 3478 370 3530 que
394 3464 505 3531 scripsi:
531 3463 749 3533 robiginemque
772 3467 803 3516 A.
914 3469 947 3516 10
971 3463 1109 3535 supellex]
1136 3477 1226 3531 suppo
1250 3478 1285 3515 ex
1311 3469 1343 3516 V.

317 3539 348 3587 11
369 3540 453 3587 esset
470 3532 544 3586 haud
560 3535 670 3604 scripsi:
690 3535 767 3587 haud
781 3538 812 3587 A.
863 3533 990 3600 talenta,
1004 3551 1135 3588 meorum
1149 3550 1214 3587 mox
1227 3537 1343 3603 scripsi:

314 3604 486 3659 talentorum
504 3623 568 3660 mox
587 3610 617 3657 A.
680 3611 712 3658 13
732 3606 808 3675 parti
826 3611 852 3659 1:
874 3605 964 3675 partis
982 3610 1013 3660 A.
1074 3604 1223 3675 tefuerit]
1243 3612 1343 3660 onuv.

316 3682 348 3729 17
368 3675 496 3747 luissem]
516 3675 634 3758 luis-sum
653 3682 673 3729 1.
688 3696 721 3731 m.
732 3694 779 3759 pr.
863 3683 896 3730 18
916 3677 1103 3749 devictarum]
1122 3677 1343 3730 deuectammB

315 3766 459 3889 latius]
479 3748 965 3890 0tttlltl.ss⁰¹¹ttttnl.tl
979 3747 1226 3874 alludi?
1244 3766 1279 3801 Μ·
1295 3766 1342 3817 ³⁹²²
