3150 4459
456 428 708 484 HISTORIABUM
727 431 942 485 ALEXANDBI
960 431 1020 500 1111,
1039 438 1063 486 8.
1080 439 1104 487 9.
1244 431 1283 495 'tl

265 597 378 661 derare
419 594 479 660 visi
522 594 772 679 inpetraverunt.
833 595 1036 679 Mytilenaeis
1079 619 1207 680 quoque
1244 596 1286 661 ob

266 685 430 773 egregiam
450 684 485 749 in
503 687 611 769 partes
629 684 726 748 fidem
745 688 778 749 et
796 686 975 768 pecuniam,
995 708 1092 769 quam
1111 687 1147 751 in
1165 685 1286 751 bellum

266 773 1285 950 ,qeqpafflqqqaqqqqaqagqquffieqaffl
1306 882 1339 929 a

237 955 450 1021 edefecerant
481 953 522 1016 ad
550 952 657 1036 ipsum
688 957 720 1019 et
750 956 953 1039 oppugnanti
980 954 1102 1038 Tyrum
1132 954 1287 1019 miserant

267 1044 413 1127 classem,
436 1064 495 1127 pro
519 1044 634 1106 merito
658 1042 762 1108 honos
785 1042 915 1108 habitus
941 1047 997 1108 est.

334 1131 555 1216 Amphoterus
584 1131 707 1215 deinde,
735 1133 846 1197 classis
869 1134 1059 1216 praefectus,
1087 1132 1128 1195 ad
1150 1133 1339 1199 liberer-15

266 1224 342 1287 dam
367 1221 495 1286 Cretam
518 1222 636 1286 missus
659 1259 703 1267 —
726 1244 866 1306 namque
889 1226 922 1287 et
944 1222 1113 1287 Persarum
1138 1226 1171 1286 et
1193 1221 1286 1306 Spar-

266 1317 417 1377 tanorum
448 1311 545 1375 armis
568 1310 721 1395 pleraque
750 1312 818 1376 eius
842 1311 966 1376 insulae
990 1311 1220 1377 obsidebantur
1244 1350 1285 1357 —

226 1428 253 1467 ιο
267 1406 342 1466 ante
367 1401 475 1466 omnia
493 1421 580 1465 mare
604 1424 623 1465 a
646 1401 789 1485 piraticis
810 1399 967 1466 classibus
985 1400 1147 1467 vindicare
1166 1403 1286 1467 iussus:

267 1491 389 1575 quippe
413 1490 589 1555 obnoxium
613 1489 830 1574 praedonibus
856 1494 925 1555 erat
948 1490 1033 1555 bello
1057 1494 1230 1574 utrumque
1253 1493 1287 1555 in

265 1602 377 1666 regem
417 1600 580 1644 converso.
635 1579 696 1643 His
734 1579 911 1664 conpositis
944 1579 1077 1646 Herculi
1110 1580 1209 1664 Tyrio
1247 1603 1286 1644 ex
1307 1599 1340 1646 re

266 1691 347 1735 auro
375 1673 532 1735 crateram
564 1691 637 1734 cum
666 1687 739 1733 xxx
766 1670 887 1754 pateris
916 1668 1035 1735 dicavit
1061 1670 1287 1754 inminensque

266 1760 374 1823 Dareo
398 1758 440 1823 ad
461 1758 653 1842 Euphraten
676 1759 737 1823 iter
760 1759 964 1843 pronuntiari
988 1759 1090 1825 iussit.

335 1847 382 1913 At
412 1848 549 1930 Dareus,
581 1869 653 1913 cum
685 1848 837 1934 Aegypto
871 1849 1043 1913 devertisse
1076 1848 1110 1912 in
1144 1847 1286 1913 Africam
1294 1855 1331 1909 ΙΧ

226 1966 252 2004 ra
265 1938 395 2002 hostem
420 1937 626 2023 conperisset,
657 1938 870 2019 dubitaverat,
892 1943 1055 2003 utrumme
1078 1939 1162 2003 circa
1185 1937 1287 2002 Meso·

265 2028 444 2113 potamiam
477 2027 667 2092 subsisteret
699 2049 739 2091 an
767 2027 922 2093 interiora
953 2028 1046 2113 regni
1079 2028 1129 2092 sui
1156 2031 1288 2112 peteret,

265 2118 355 2181 haud
378 2117 475 2181 dubie
503 2118 667 2201 potentior
691 2120 804 2182 auctor
831 2140 982 2201 praesens
1010 2119 1139 2182 futurus
1163 2116 1287 2181 ultimis

266 2206 421 2294 gentibus
451 2207 577 2293 inpigre
607 2206 729 2272 bellum
761 2208 960 2292 capessendi,
996 2230 1076 2290 quas
1107 2209 1201 2294 aegre
1231 2230 1289 2291 per

226 2321 252 2360 ac
265 2297 448 2382 praefectos
472 2318 548 2361 suos
567 2296 769 2361 moliebatur.
817 2295 880 2360 Sed
903 2300 940 2360 ut
959 2296 1083 2361 idoneis
1102 2296 1288 2361 auctoribus
1307 2315 1323 2362 a

266 2387 354 2451 fama
372 2386 519 2471 vulgavit
536 2383 756 2450 Alexandrum
780 2408 854 2450 cum
873 2386 1155 2470 omnibus'copiis,
1178 2408 1288 2470 quam-

267 2497 407 2560 cumque
426 2476 496 2558 ipse
511 2475 631 2539 adisset
644 2475 819 2561 regionem,
838 2476 1025 2559 petiturum,
1042 2476 1129 2540 haud
1148 2477 1288 2562 ignarus,

268 2587 367 2650 quam
405 2586 478 2629 cum
515 2568 646 2630 strenuo
679 2587 730 2629 res
763 2570 860 2648 esset,
898 2565 1006 2630 omnia
1037 2566 1287 2651 longinquarum

267 2654 414 2743 gentium
434 2654 554 2717 auxilia
571 2653 785 2739 Babyloniam
805 2654 953 2719 contrahi
977 2655 1078 2719 iussit.
1124 2653 1288 2718 Bactriani

226 2768 252 2808 a
268 2744 472 2828 Scythaeque
509 2748 542 2808 et
573 2741 646 2808 Indi
679 2748 896 2810 convenerant
928 2744 1006 2828 iam,
1043 2746 1075 2807 et
1111 2748 1288 2808 ceterarum

267 2833 415 2921 gentium
448 2834 560 2917 copiae
592 2833 738 2917 partibus
774 2833 871 2898 simul
904 2832 1083 2898 adfuerunt.
1140 2831 1324 2898 Ceteruma

268 2946 342 2988 oum
372 2922 509 2987 ¹dimidio
542 2924 643 2987 ferme
677 2924 779 2987 maior
811 2927 897 2987 esset
925 2924 1092 3006 exercitus,
1124 2944 1221 3006 quam
1254 2922 1289 2986 in

268 3012 384 3077 Cilicia
401 3013 516 3095 fuerat,
535 3013 646 3077 multis
666 3035 755 3076 arma
774 3012 913 3077 deerant.
961 3010 1048 3088 Quae
1068 3035 1194 3076 summa
1212 3034 1289 3076 cura

342 3268 355 3313 1
382 3259 565 3329 Mytilenaeis
592 3260 702 3329 scripsi:
732 3259 885 3314 mitileneis
910 3251 1122 3325 0,‘mitilaneis
1145 3265 1165 3311 P
1190 3277 1224 3313 m.
1242 3276 1287 3329 pr.

268 3332 455 3386 afinitimam
473 3332 593 3400 Ieepiuc:
613 3331 712 3385 finium
725 3336 754 3385 Δ.
813 3332 974 3403 thabitus]
995 3330 1088 3385 abitus
1105 3337 1133 3383 P.
1190 3329 1287 3385 δῦτε-

268 3404 462 3529 tamqlcctram
476 3409 496 3455 1.
509 3421 544 3457 m.
556 3421 600 3471 pr.
666 3403 869 3473 Spartanorum
879 3410 904 3456 1:
924 3403 1140 3472 sparthanorum
1154 3408 1174 3454 P
1188 3421 1222 3456 ra.
1234 3420 1288 3471 pr,

267 3478 334 3546 part
356 3491 473 3529 anorum
492 3480 517 3528 ὓ.
591 3480 607 3527 9
631 3475 844 3546 obsidebantur]
874 3474 1082 3528 obsedebantur
1108 3480 1128 3526 1.
1151 3492 1185 3527 m.
1202 3492 1247 3543 pr.
1270 3480 1289 3525 P

267 3567 302 3602 m.
321 3565 377 3617 pn,
400 3546 603 3601 obsidebantur
620 3551 640 3599 B
660 3564 694 3600 aa.
706 3565 751 3616 pr.
834 3553 865 3600 11
885 3547 1034 3615 utrumque
1057 3547 1167 3615 screbat:
1191 3545 1289 3599 utrim-

267 3637 323 3688 que
342 3623 373 3672 Δ.
457 3623 491 3672 14
509 3617 691 3742 Euphraten,1
704 3618 841 3687 ephraten
854 3623 885 3671 V.
964 3624 998 3671 24
1019 3616 1217 3687 Babyloniam]
1240 3617 1289 3669 ba

266 3689 427 3761 bylloniam
440 3695 472 3744 V.
552 3694 585 3743 25
605 3689 672 3759 Scyt
693 3705 782 3759 aeque
803 3690 906 3744 Aldus:
933 3689 1095 3756 scithaeque
1118 3694 1148 3756 0,
1167 3687 1289 3741 achitho-

267 3779 324 3832 que
338 3768 366 3815 P.
440 3767 474 3814 25
489 3764 677 3815 convenerant
690 3761 756 3827 iam,
772 3763 801 3815 et
815 3762 975 3816 Acidaliae:
993 3762 1191 3815 conuenerant.
1224 3776 1289 3811 nam

267 3836 298 3890 ct
316 3838 348 3889 Δ.
422 3838 456 3886 27
476 3832 606 3904 dimidio]
626 3832 713 3888 dimio
732 3840 759 3886 P.
834 3839 868 3886 28
888 3832 998 3905 cilicia]
1018 3831 1110 3886 cilitia
1128 3837 1155 3883 P.
