3150 4459
461 440 714 494 maronianum
733 439 946 494 ALEXANDRI
964 440 1024 506 Illi,
1047 447 1087 494 13.
1242 439 1284 504 89

261 628 305 669 ex
335 603 522 669 custodibus
552 604 695 688 corporis
724 604 845 669 intrare
867 604 1110 669 tabernaculum
1138 603 1285 668 audebat.

262 693 399 759 Etiam
426 696 554 777 tempus
582 695 738 777 instabat,
765 717 825 759 nec
852 694 945 758 miles
969 693 1093 758 iniussu
1117 694 1206 758 ducis
1230 698 1287 758 0111

264 806 357 849 arma
375 805 488 867 capere
507 786 635 867 poterat
653 788 709 847 0111
727 784 761 848 111
781 784 910 848 ordines
929 784 983 847 ire.
1030 782 1095 848 Diu
1115 783 1285 848 Parmenio
1306 803 1340 852 20

264 876 445 958 cunctatus,
464 873 573 937 eibum
591 876 628 937 ut
643 879 802 957 caperent,
821 876 891 958 ipse
910 874 1107 957 pronuntiat.
1154 872 1287 956 Iamque

231 963 353 1033 sexire
382 984 511 1028 necesse
544 967 626 1027 erat:
656 967 734 1028 tuno
763 965 891 1027 demum
919 964 1019 1027 intrat
1042 963 1286 1029 tabernaculum

265 1052 460 1136 saepiusque
477 1054 608 1117 nomine
628 1052 855 1138 conpellatum,
880 1074 954 1117 oum
976 1073 1055 1117 voce
1078 1074 1145 1116 non
1167 1058 1286 1137 posset,

265 1146 356 1206 tactu
385 1141 546 1207 excitavit.
594 1142 710 1207 ‘Multa
737 1141 815 1226 lux',
846 1142 962 1226 inquit,
993 1141 1066 1205 ε0011
1094 1142 1286 1209 instructam
1306 1162 1338 1210 21

264 1232 368 1296 aciem
392 1230 495 1295 hostis
523 1232 680 1316 admovit,
714 1236 790 1297 tuus
818 1231 911 1296 miles
940 1232 1044 1296 adhuc
1066 1231 1200 1296 inermis
1236 1255 1287 1295 ex-

264 1324 375 1405 pectat
393 1320 574 1404 imperium.
620 1321 686 1387 Ubi
705 1325 754 1385 est
772 1322 866 1407 vigor
884 1320 939 1385 ille
959 1320 1059 1385 animi
1077 1321 1148 1385 tui‘?
1170 1343 1287 1405 nempe

221 1444 250 1482 1⁰
265 1411 408 1476 excitare
431 1410 547 1495 vigiles
571 1411 677 1476 soles'.
723 1410 775 1474 Ad
799 1410 878 1475 haee
900 1409 1096 1476 Alexander:
1122 1409 1287 1476 ‘Credisne
1306 1432 1340 1478 22

264 1523 319 1565 me
345 1500 437 1583 prius
461 1521 609 1565 somnum
634 1523 747 1585 capere
769 1500 928 1584 potuisse,
959 1522 1056 1583 quam
1080 1522 1286 1565 exonerarem

265 1590 411 1654 animum
436 1589 668 1674 sollicitudine,
696 1612 778 1674 quae
807 1590 948 1674 quietem
975 1590 1195 1655 morabaturl'
1224 1592 1287 1677 sig-

264 1700 410 1762 numque
438 1700 566 1766 pugnae
594 1680 673 1743 tuba
703 1681 773 1744 dari
801 1680 903 1744 iussit.
949 1678 994 1743 Et
1018 1702 1091 1745 cum
1118 1679 1153 1743 in
1176 1681 1286 1745 eadem

265 1768 480 1833 admiratione
509 1769 679 1834 Parmenio
707 1773 939 1854 perseveraret,
968 1770 1055 1853 quod
1083 1769 1226 1833 solutum
1255 1793 1288 1834 se
1308 1790 1342 1837 13

230 1890 252 1931 s
265 1859 353 1925 euris
377 1880 527 1923 somnum
551 1859 674 1942 cepisse
698 1860 845 1923 dixisset:
876 1857 1042 1942 ‘Minime’,
1071 1860 1191 1944 inquit,
1220 1861 1289 1924 ‘mi-

265 1971 338 2013 rum
363 1952 424 2013 est:
453 1970 513 2035 ego
539 1949 638 2030 enim,
663 1972 734 2013 cum
759 1948 884 2013 Dareus
908 1952 1028 2013 terram
1051 1953 1173 2032 ureret,
1200 1950 1289 2015 vicos

266 2038 462 2121 excinderet,
502 2037 657 2103 alimenta
694 2042 929 2122 corrumperet,
966 2043 1081 2122 potens
1123 2040 1187 2103 mei
1223 2061 1290 2103 non

266 2151 368 2193 eram:
398 2149 484 2193 nnnc
514 2150 591 2192 vero
622 2128 699 2211 quid
730 2132 888 2211 metuam,
918 2151 991 2193 oum
1023 2128 1091 2193 acie
1120 2130 1289 2193 decernere
1309 2150 1343 2197 24

266 2218 382 2302 paret?
417 2216 565 2300 Hercule,
584 2222 697 2282 votum
716 2240 824 2282 meum
841 2217 986 2302 inplevit.
1022 2218 1085 2283 Sed
1100 2218 1196 2284 huius
1216 2241 1288 2283 con-

230 2335 253 2378 a
266 2306 333 2372 silii
348 2310 461 2390 postea
475 2329 604 2392 quoque
618 2308 701 2371 ratio
720 2308 885 2371 reddetur:
903 2330 960 2372 vos
976 2308 1020 2371 ite
1035 2308 1075 2371 ad
1087 2310 1206 2392 copias,
1221 2310 1290 2392 qui·

265 2397 327 2462 bus
349 2397 486 2479 quisque
504 2400 640 2481 praeest,
659 2419 719 2483 ego
739 2398 804 2461 iam
823 2397 918 2461 adero
939 2400 979 2481 et,
1006 2397 1084 2481 quid
1098 2399 1169 2463 fieri
1182 2398 1290 2483 velim,

265 2485 449 2570 exponam'.
488 2485 574 2552 Raro
594 2487 777 2570 admodum,
802 2486 969 2551 admonitu
988 2488 1093 2573 magis
1112 2487 1290 2552 amicorum
1310 2508 1343 2555 25

266 2598 366 2660 quam
389 2579 478 2639 metu
511 2576 704 2641 discriminis
737 2576 890 2659 adeundi,
916 2575 1048 2641 thorace
1076 2577 1125 2640 uti
1153 2577 1290 2641 solebat:

265 2670 347 2731 111110
373 2664 486 2750 utique
511 2666 712 2730 munimento
740 2667 884 2749 corporis
914 2670 1044 2750 sumpto
1070 2668 1227 2750 processit
1251 2666 1290 2730 ad

226 2784 252 2827 11
265 2755 398 2820 milites.
439 2754 537 2819 Haud
555 2753 634 2819 01100
653 2759 720 2819 tam
740 2754 879 2820 alacrem
898 2755 1045 2820 viderant
1064 2778 1174 2842 regern
1199 2761 1231 2820 et
1254 2777 1291 2821 es

265 2844 361 2910 vultu
380 2844 450 2908 eius
464 2844 612 2910 interrito
633 2848 751 2909 certam
767 2867 858 2928 spem
873 2846 1026 2910 victoriae
1042 2847 1290 2932 augurabantur.

219 2940 252 3001 10
335 2931 445 3017 Atque
469 2934 525 2998 ille
548 2938 682 3018 proruto
710 2935 796 2999 vallo
821 2935 908 2999 exire
933 2935 1040 3018 copias
1065 2935 1155 2999 iubet
1178 2936 1291 2999 aciem·
1311 2955 1344 3001 ac

267 3046 330 3108 que
362 3022 513 3106 disponit.
569 3022 607 3087 In
642 3024 754 3089 dextm
786 3046 888 3089 cornu
923 3024 1021 3089 locati
1052 3030 1127 3089 sunt
1158 3026 1292 3109 equites,

268 3135 353 3197 quos
382 3134 495 3200 agema
518 3113 738 3197 appellabant:
763 3117 910 3198 praeerat
933 3114 985 3178 his
1010 3114 1122 3199 Clitus,
1147 3116 1199 3178 oui
1223 3114 1292 3179 iun-

340 3273 533 3343 30111]1101111
552 3278 679 3341 Prapr.
790 3273 931 3343 4cibnm]
958 3272 1060 3342 cybum
1078 3278 1099 3325 B
1119 3292 1153 3327 m.
1169 3291 1215 3341 pr.
1235 3278 1291 3326 LV.

266 3353 284 3401 8
305 3344 433 3415 inermis]
459 3344 593 3399 inhermis
612 3350 640 3398 P.
752 3350 784 3397 10
812 3344 945 3398 Credisne
970 3346 1077 3400 Laaer:
1105 3345 1238 3399 credesne
1261 3350 1292 3398 A.

268 3425 300 3472 11
329 3416 468 3486 potuisse]
493 3416 671 3485 potuissetL
698 3435 732 3470 m.
748 3435 794 3485 pr.
897 3422 929 3469 14
957 3418 1149 3486 perseveraret
1170 3416 1291 3471 Gianto:

266 3489 450 3544 adseueraret
468 3493 498 3541 A.
563 3493 595 3540 16
615 3488 723 3556 cepisse
741 3494 767 3541 1:
788 3488 913 3556 coepisse
932 3492 963 3541 A.
1024 3488 1129 3560 inquit]
1149 3488 1249 3556 inquid
1263 3495 1292 3541 F.

268 3567 301 3615 22
326 3560 402 3614 Raro
421 3561 528 3615 Laeter:
554 3560 627 3613 ratio
651 3564 681 3613 A.
791 3560 882 3628 magis
906 3560 1125 3615 Freinshemius:
1152 3576 1239 3631 agens
1261 3565 1291 3614 A.

267 3639 301 3686 13
322 3631 455 3697 adeundi,
474 3632 589 3686 thorace
604 3632 765 3700 Zamptias:
785 3631 947 3685 adeundum
961 3634 1022 3685 erat
1036 3637 1066 3685 A.
1140 3637 1174 3684 24
1192 3632 1292 3701 utique

267 3705 463 3760 Eberhardus:
482 3720 594 3773 quoque
613 3708 643 3756 A.
701 3703 888 3773 munimento]
908 3703 1080 3757 monimento
1095 3710 1124 3758 F.
1180 3710 1214 3757 25
1234 3703 1291 3758 010-

267 3794 344 3831 crem
362 3781 389 3828 1:
413 3775 520 3829 alacres
539 3780 569 3828 A.
675 3778 704 3828 et
727 3792 765 3829 ex
784 3776 944 3829 Acidaliae:
964 3776 993 3828 et
1011 3779 1041 3828 A.
1133 3780 1167 3828 29
1192 3792 1293 3845 agema

266 3848 438 3905 Frobeaius:
458 3847 552 3917 agima
570 3852 600 3901 A.
674 3845 775 3916 Clitus]
796 3846 916 3900 01111οΈ.
