3150 4459
300 431 342 494 28
681 431 711 495 Q.
732 429 842 484 CURTI
860 430 946 484 RUFI

298 598 462 678 poterant:
492 594 589 657 simul
612 597 703 658 erant
726 596 843 658 emissa
870 594 905 658 in
928 594 1069 677 hostem,
1097 596 1326 659 concurrentia

299 684 537 768 inplicabantur
567 684 695 768 levique
726 688 758 748 et
780 706 863 747 vano
893 684 962 747 ictu
992 705 1095 767 pauca
1122 683 1156 746 in
1184 682 1325 767 hostem,

298 773 393 857 plura
416 775 450 838 in
480 772 615 836 humum
646 772 778 837 innoxia
809 772 971 836 cadebant.
1019 772 1108 858 Ergo
1139 773 1324 838 comminus

299 883 441 947 pugnam
474 863 578 926 coacti
616 884 783 927 conserere
821 863 945 948 gladios
983 863 1109 948 inpigre
1147 861 1323 949 stringunt.

263 951 380 1017 sTum
405 974 481 1016 vcro
506 953 644 1016 multum
674 951 840 1037 sanguinis
868 952 977 1014 fusum
1006 955 1067 1016 est:
1096 950 1177 1015 duae
1202 954 1325 1036 quippe
1347 978 1355 1018 ι

298 1040 382 1105 acies
398 1042 444 1104 ita
459 1040 684 1125 cohaerebant,
698 1046 735 1105 ut
744 1040 842 1105 armis
858 1062 947 1105 arma
960 1040 1137 1124 pulsarent,
1150 1062 1324 1107 mucrones

297 1131 332 1193 in
365 1151 421 1194 ora
452 1129 636 1215 dirigerent.
683 1129 758 1195 Non
789 1130 918 1213 timido,
949 1152 1015 1195 non
1048 1130 1166 1215 ignavo
1198 1151 1323 1196 cessare

298 1223 367 1283 tum
391 1218 498 1284 licuit:
528 1220 647 1285 collato
671 1219 764 1302 pede,
797 1220 888 1303 qnasi
917 1219 1037 1304 singuli
1062 1219 1146 1284 inter
1170 1242 1204 1283 se
1229 1220 1322 1285 dimi-

298 1313 416 1393 carent,
439 1310 474 1372 in
497 1309 610 1374 eodem
633 1309 772 1393 vestigio
797 1308 940 1391 stabant,
969 1310 1071 1373 donec
1094 1308 1253 1374 vincendo
1278 1310 1322 1374 lo-

262 1416 371 1463 ccum
402 1398 465 1463 sibi
493 1399 645 1464 facerent.
698 1397 781 1462 Tum
817 1398 945 1461 demum
976 1420 1052 1484 ergo
1085 1398 1355 1482 promovebanta

297 1487 447 1572 gradum,
477 1487 709 1592 campionem
739 1491 987 1571 prostraverant.
1037 1488 1083 1551 At
1112 1487 1186 1552 illos
1217 1510 1322 1553 novus

297 1576 701 1660 excipiebatadversarius
719 1576 883 1663 fatigatos,
906 1598 965 1640 nec
988 1576 1157 1660 vulnerati,
1180 1579 1219 1641 ut
1241 1578 1322 1643 alias

297 1665 415 1749 solent,
444 1668 510 1730 acie
537 1670 689 1751 poterant
716 1665 881 1748 excedere,
912 1688 985 1730 oum
1015 1666 1120 1730 hostis
1143 1665 1282 1732 instaret
1304 1689 1323 1732 a

218 1817 221 1824 .
263 1754 416 1838 virente,
449 1778 469 1820 a
500 1760 592 1842 tergo
625 1756 676 1820 sui
708 1759 869 1841 urgerent.
916 1754 1099 1819 Alexander
1130 1777 1198 1820 non
1230 1755 1322 1822 ducis
1335 1761 1362 1816 tt

296 1846 400 1930 magis
425 1867 522 1928 quam
545 1845 660 1909 militis
683 1845 794 1909 munia
813 1845 1031 1928 exequebatur
1052 1845 1197 1928 opimum
1223 1845 1322 1911 decus
1335 1871 1356 1912 ιι

297 1954 389 1998 caeso
422 1955 498 2018 rege
533 1938 699 2019 expetens:
735 1934 855 2018 quippe
886 1934 1009 1999 Dareus
1043 1956 1138 1999 curru
1171 1933 1321 2001 sublimis

296 2022 470 2106 eminebat,
501 2027 533 2087 et
556 2025 623 2088 suis
652 2023 692 2087 ad
720 2045 753 2088 se
783 2022 939 2088 tuendum
970 2028 1003 2088 et
1031 2024 1181 2089 hostibus
1210 2024 1251 2089 ad
1276 2024 1323 2089 in-

261 2112 486 2177 coessendum
528 2112 642 2199 ingens
680 2112 935 2177 incitamentum.
991 2113 1080 2198 Ergo
1117 2114 1219 2177 frater
1251 2114 1321 2179 eius

297 2200 464 2280 Oxathres,
490 2224 562 2267 oum
581 2202 801 2271 Alexandrum
821 2204 942 2268 instare
961 2204 990 2266 ei
1010 2206 1162 2284 cerneret,
1186 2203 1322 2288 equites,

296 2291 413 2374 quibus
423 2296 577 2375 praeerat,
591 2296 666 2356 ante
681 2293 787 2376 ipsum
798 2313 928 2356 currum
942 2292 1029 2378 regis
1039 2291 1165 2357 obiecit.
1208 2290 1321 2358 Armis
1335 2321 1358 2360 ιι

296 2385 329 2444 et
341 2382 458 2445 robore
473 2384 616 2464 corporis
631 2382 770 2445 multum
786 2404 882 2465 super
897 2385 1021 2445 ceteros
1038 2382 1190 2465 eminens,
1210 2384 1321 2446 animo

295 2491 370 2533 vero
386 2474 418 2534 et
436 2471 557 2554 pietate
573 2471 606 2534 in
625 2471 840 2555 paucissimis,
859 2470 917 2534 illo
938 2473 1050 2554 utique
1069 2468 1193 2554 proelio
1213 2472 1321 2537 clarus

295 2559 376 2624 alios
409 2558 578 2643 inprovide
610 2560 767 2625 instantes
799 2561 990 2644 prostravit,
1024 2560 1106 2625 alios
1140 2559 1174 2623 in
1206 2560 1321 2647 fugam

259 2668 274 2714 o
294 2650 420 2713 avertit.
467 2648 512 2713 At
531 2649 722 2715 Macedones
742 2651 826 2714 circa
848 2672 956 2735 regem
979 2688 1018 2695 -
1040 2655 1067 2714 et
1090 2652 1181 2713 erant
1205 2653 1321 2715 mutua

295 2737 521 2803 adhortatione
548 2738 667 2804 firmati
690 2778 735 2785 —
758 2761 831 2803 oum
860 2740 931 2823 ipso
962 2739 996 2803 in
1027 2738 1172 2822 equitum
1202 2761 1321 2825 agmen
1334 2767 1359 2809 ιι

294 2827 493 2911 inrumpunt.
544 2827 627 2893 Tum
664 2850 739 2894 vero
777 2828 894 2893 similis
931 2830 1042 2892 ruinae
1081 2832 1205 2913 strages
1241 2833 1319 2893 erat.

295 2915 388 2982 Circa
417 2938 547 2982 currum
578 2916 676 2981 Darei
710 2919 858 2982 iacebant
887 2917 1083 2982 nobilissimi
1116 2917 1213 2981 duces
1243 2922 1320 2983 ante

295 3006 405 3070 oculos
420 3008 505 3092 regis
520 3007 651 3093 egregia
671 3012 773 3071 morte
793 3007 947 3090 defuncti,
966 3029 1078 3071 omnes
1093 3008 1127 3071 in
1142 3028 1198 3071 ora
1212 3009 1320 3090 proni,

294 3097 379 3160 sicut
397 3096 586 3161 dimicantes
610 3098 849 3180 procubuerant
867 3097 1001 3162 adverso
1021 3118 1154 3181 corpore
1178 3096 1318 3161 vulneri-

241 3202 274 3250 10
295 3185 355 3250 bus
387 3186 536 3269 acceptis.
583 3184 673 3250 Inter
705 3185 764 3250 hos
794 3187 926 3269 Atizyes
960 3189 992 3250 et
1023 3184 1252 3250 Rheomithres
1287 3190 1320 3251 et
1334 3214 1359 3254 ao

366 3401 380 3448 1
401 3397 511 3450 hostem
533 3396 645 3466 scripsi:
670 3397 783 3451 eosdem
803 3404 832 3463 c,
857 3398 969 3451 easdem
989 3404 1008 3448 P
1028 3415 1061 3451 m.
1073 3415 1118 3467 pr.
1214 3403 1319 3452 lcon-

294 3468 396 3539 serere]
416 3484 578 3522 consesrere
592 3474 619 3522 P.
694 3469 897 3523 Sdimicarent
924 3468 1098 3523 demicarent
1111 3475 1139 3522 P.
1214 3475 1245 3522 11
1267 3470 1318 3542 At]

293 3540 330 3592 cd
344 3544 365 3591 P
378 3557 413 3593 m.
424 3556 470 3608 pr.
486 3546 553 3594 Pur.
566 3558 611 3608 pr.
625 3544 648 3591 V
662 3557 696 3593 m.
707 3558 753 3609 pr.
814 3557 901 3594 novus
928 3557 1016 3594 nouos
1031 3546 1051 3592 P
1065 3559 1100 3595 m.
1112 3558 1156 3609 pr.
1219 3546 1251 3593 12
1268 3543 1318 3596 ad-

293 3610 432 3664 versarius
453 3611 574 3666 Giunta:
601 3612 736 3665 aduersus
757 3616 787 3664 Δ.
881 3618 913 3665 15
938 3611 1140 3683 exequebatur]
1166 3613 1194 3665 et
1219 3626 1319 3681 seque-

293 3682 455 3735 batuer.
466 3700 510 3752 pr.
527 3689 595 3738 Pm.
609 3701 652 3751 pr.
668 3689 698 3737 V.
765 3688 798 3735 16
818 3685 962 3756 expetens]
978 3685 1128 3756 expectens
1143 3689 1172 3736 V.
1239 3689 1274 3739 24
1294 3694 1320 3741 et

294 3755 374 3807 erant
396 3756 507 3822 scripsi:
534 3757 616 3809 erant
639 3760 668 3807 A.
762 3759 796 3807 30
817 3754 931 3823 Atizyes
951 3756 1079 3810 Medias:
1105 3755 1211 3823 atyzies
1231 3760 1262 3810 A.

293 3825 490 3880 Rheomithres
510 3828 638 3882 Modica:
659 3825 819 3880 hroimitres
838 3832 866 3892 P,
887 3826 1045 3881 throimites
1065 3834 1089 3881 0.
