3150 4459
474 455 728 510 HISTORIARUM
746 455 961 509 ALEXANDRI
979 456 1013 523 V,
1033 462 1056 509 7.
1072 461 1097 509 8.
1234 455 1299 520 133

277 620 411 683 classem
435 623 468 683 et
492 620 661 704 exercitus,
684 620 802 704 quibus
819 620 951 704 Europa
974 618 1130 683 inundata
1144 623 1203 702 est,
1227 641 1300 684 con-

276 708 422 772 tabulato
437 708 519 773 mari
532 709 674 774 molibus
687 709 907 792 perfossisque
922 708 1097 792 montibus,
1111 708 1146 773 in
1160 730 1299 792 quorum

276 818 390 880 specus
413 799 533 861 fretum
556 800 726 863 inmissum
746 802 804 861 est.
844 797 893 862 Ac
911 820 951 861 ne
969 801 1037 861 tam
1051 797 1150 883 longa
1169 798 1299 881 quidem
1319 814 1335 861 9

276 890 389 965 aetate,
413 909 494 970 quae
514 888 673 952 excidium
694 888 763 951 eius
781 891 893 953 secuta
911 890 969 969 cst,
992 887 1176 951 resurrexit.
1208 880 1300 951 Alias

248 975 370 1041 surbes
398 981 563 1041 vastavere
590 976 802 1041 Macedonum
830 997 936 1063 reges,
964 997 1043 1059 quas
1071 997 1157 1040 nunc
1179 975 1301 1040 habent

275 1065 401 1129 Parthi:
434 1066 530 1130 huius
558 1068 733 1152 vestigium
757 1088 822 1130 non
846 1066 1058 1148 inveniretur,
1089 1064 1153 1129 nisi
1176 1063 1300 1130 Araxes

275 1155 379 1218 amnis
399 1155 590 1219 ostenderet.
627 1155 723 1219 Haud
737 1155 852 1239 procul
870 1155 1040 1219 moenibus
1056 1156 1207 1219 fluxerat:
1226 1155 1301 1219 inde

275 1244 387 1307 urbem
411 1244 511 1310 fuisse
533 1262 582 1307 xx
600 1245 713 1309 stadiis
733 1246 906 1309 distantem
926 1244 1061 1309 credunt
1078 1244 1183 1330 magis
1203 1265 1299 1327 quarn

276 1333 381 1397 sciunt
414 1334 550 1399 accolae.
605 1334 751 1399 Pudebat
779 1333 972 1399 Macedones
1003 1338 1071 1398 tam
1103 1335 1301 1417 praeclaram
1321 1348 1354 1396 10

233 1448 261 1488 10
275 1422 387 1485 urbem
417 1447 435 1487 a
463 1424 711 1488 comissabundo
740 1446 816 1510 rege
840 1423 979 1487 deletam
1003 1445 1085 1487 esse:
1117 1424 1226 1505 itaque
1249 1444 1300 1487 res

275 1512 309 1574 in
333 1512 452 1575 serium
476 1535 568 1577 versa
591 1517 648 1597 est,
672 1518 704 1577 et
727 1514 968 1597 imperaverunt
986 1512 1058 1596 sibi,
1082 1516 1119 1575 ut
1136 1512 1301 1577 crederent

275 1600 332 1663 illo
366 1602 570 1684 potissimum
605 1603 701 1667 modo
734 1603 835 1667 fuisse
867 1602 1044 1666 delendam.
1104 1600 1230 1685 Ipsum,
1263 1605 1301 1665 ut
1321 1618 1352 1668 11

274 1691 415 1773 primum
434 1697 567 1776 gravato
588 1691 742 1756 ebrietate
756 1696 895 1756 mentem
916 1692 1007 1775 quies
1026 1690 1174 1774 reddidit,
1194 1692 1301 1773 paeni·

274 1779 374 1842 tuisse
398 1785 525 1845 constat
548 1784 580 1845 et
600 1781 727 1864 dixisse,
751 1781 889 1845 maiores
908 1801 1028 1864 poenas
1044 1778 1173 1844 Graecis
1187 1778 1300 1844 Persas

234 1895 260 1933 15
276 1868 406 1933 daturos
430 1870 538 1954 fuisse,
563 1871 591 1933 si
615 1872 720 1955 ipsum
746 1871 780 1933 in
804 1870 887 1935 solio
910 1871 1063 1955 regiaque
1086 1869 1203 1933 Xerxis
1228 1890 1301 1933 oon-

276 1960 397 2041 spicere
421 1960 524 2024 coacti
549 1964 662 2024 essent.
709 1960 844 2024 Postero
869 1959 920 2023 die
943 1960 1053 2044 Lycio,
1075 1959 1211 2042 itineris,
1236 1980 1300 2043 quo
1321 1973 1353 2023 11

275 2046 438 2111 Persidem
463 2050 649 2131 intraverat,
673 2049 757 2134 duci,
780 2066 855 2113 xxx
877 2048 1000 2113 talenta
1023 2049 1107 2114 dono
1132 2048 1229 2112 dedit.

342 2136 429 2201 Hinc
451 2139 486 2202 in
509 2139 673 2225 regionem
698 2138 823 2203 Mediae
848 2137 990 2203 transiit:
1018 2137 1074 2202 ubi
1098 2138 1301 2221 supplemen-

274 2229 345 2288 tum
377 2249 535 2292 novomm
569 2252 586 2292 e
621 2227 734 2292 Cilicia
766 2226 908 2292 militum
942 2228 1090 2291 occurrit.
1152 2226 1301 2290 Peditum

233 2320 367 2380 socrant
389 2335 412 2379 v
436 2317 540 2401 milia,
565 2317 690 2402 equites
713 2336 752 2381 n:
781 2318 928 2401 utrisque
951 2316 1070 2380 Platon
1091 2314 1301 2380 Atheniensis

274 2410 429 2487 praeerat.
476 2406 537 2470 His
566 2407 669 2491 copiis
697 2410 812 2491 auctus
835 2405 978 2471 Dareum
1001 2404 1154 2489 persequi
1177 2405 1301 2470 statuit.

219 2500 259 2553 24
341 2492 400 2558 Ille
423 2494 488 2559 iam
511 2495 678 2561 Ecbatana
700 2500 898 2579 pervenerat.
946 2494 1051 2579 Caput
1074 2494 1200 2559 Mediae
1223 2494 1300 2557 urbs
1315 2494 1381 2551 VIII

274 2583 366 2646 haec:
386 2606 471 2649 nunc
490 2589 601 2650 tenent
619 2585 742 2668 Parthi,
761 2606 863 2668 eaque
882 2585 1005 2649 aestiva
1021 2584 1191 2671 agentibus
1210 2583 1300 2646 sedes

275 2677 331 2735 est.
379 2672 477 2737 Adire
501 2674 617 2739 deinde
640 2675 757 2738 Bactra
781 2674 980 2757 decreverat,
1013 2674 1227 2753 sedveritus,
1259 2693 1300 2736 ne

233 2787 259 2827 aa
274 2762 438 2826 celeritate
452 2763 629 2828 Alexandri
654 2767 874 2847 occuparetur,
898 2762 1071 2828 eonsilium
1089 2763 1214 2845 iterque
1232 2783 1301 2824 mu-

274 2854 363 2916 tavit.
410 2852 533 2917 Aberat
565 2855 605 2918 ab
639 2876 676 2917 eo
700 2851 885 2918 Alexander
917 2853 1021 2916 stadia
1048 2869 1115 2934 MD,
1152 2851 1208 2914 sed
1236 2849 1336 2913 iama

274 2944 400 3006 nullum
438 2942 645 3007 intervallum
683 2943 835 3006 adversus
873 2941 1078 3006 velocitatem
1116 2940 1185 3003 eius
1222 2940 1301 3003 satis

274 3031 409 3115 longum
442 3032 624 3096 videbatur:
658 3032 768 3115 itaque
800 3032 924 3115 proelio
953 3032 1056 3116 magis
1086 3051 1182 3113 quam
1204 3030 1302 3114 fugae

349 3286 364 3331 5
375 3281 521 3333 vastavere
531 3280 725 3334 Eberhardas:
736 3278 859 3331 habuere
867 3282 890 3329 A
898 3277 1061 3349 [abuereL].
1115 3277 1209 3348 reges]
1219 3278 1302 3331 certo

276 3368 345 3418 quoe
363 3358 493 3405 aecastor
511 3368 596 3419 aeque
610 3351 649 3405 od
667 3355 692 3416 δ,
707 3355 763 3416 8,1
784 3350 943 3404 decreuerat
961 3365 1011 3403 om.
1027 3354 1050 3401 V
1064 3349 1142 3403 acilo
1160 3350 1251 3417 spatio
1269 3348 1301 3402 ia

275 3438 354 3477 ocrea
373 3439 459 3476 cocao
477 3423 577 3478 relicto.
635 3428 649 3475 7
670 3421 774 3491 amnis]
794 3421 874 3475 annis
893 3426 922 3473 Ρ.
978 3426 994 3473 9
1014 3419 1139 3491 accolae]
1158 3418 1256 3473 scolae
1272 3425 1299 3472 P.

277 3499 310 3547 10
325 3493 541 3547 comissabundo
551 3496 711 3562 Zumptiua:
727 3492 934 3547 comesabundo
945 3496 988 3543 cl’
1002 3507 1080 3559 corr,
1098 3490 1300 3545 comisabundo

275 3570 343 3618 Pm.
354 3583 399 3633 pr.
493 3570 527 3619 13
580 3568 663 3619 avato
683 3565 804 3633 Ieepiaa:
824 3565 974 3634 granatam
992 3568 1022 3615 A.
1120 3568 1152 3616 14
1172 3561 1287 3617 Graecis

275 3638 381 3705 graetis
401 3642 428 3688 L.
505 3641 538 3689 15
583 3636 657 3690 arxis
675 3642 702 3689 1:
720 3635 809 3689 xersis
830 3642 855 3702 0,
876 3634 979 3688 exersis
998 3640 1025 3688 P.
1104 3640 1137 3687 21
1157 3636 1288 3702 praeerat

274 3710 425 3776 praeerant
443 3714 512 3761 Pro.
522 3725 568 3776 pr.
630 3714 664 3760 22
684 3706 892 3830 Ecbatanaqlet
910 3706 1017 3760 botana
1035 3712 1064 3760 F.
1122 3706 1288 3774 pervenerat

275 3780 463 3847 peruenerant
487 3784 560 3832 Pac.
575 3797 621 3848 pr.
713 3785 747 3832 23
771 3778 840 3832 Part
860 3778 882 3849 i]
908 3777 984 3846 parti
1007 3783 1035 3832 1..
1127 3782 1161 3834 24
1186 3776 1304 3852 Bactra]

274 3850 394 3904 bacthra
412 3857 440 3904 Ρ.
514 3855 548 3903 27
568 3849 714 3921 adversus]
735 3849 861 3903 aduersis
880 3854 911 3903 V.
