3150 4459
414 449 667 504 HISTORIARUM
687 450 902 503 ALEXANDRI
921 451 993 519 VIII,
1014 459 1113 506 10.11.
1209 452 1273 516 291

200 619 239 673 38
254 613 312 677 xit.
344 613 443 699 Ergo,
462 614 547 677 siout
564 614 759 697 imperatum
778 617 856 696 erat,
874 614 930 678 alii
949 614 1169 679 extraurbem
1190 619 1276 679 tecta

254 703 512 768 demoliebantur
534 704 763 788 ingentemque
786 702 853 767 vim
876 704 1028 767 materiae
1052 703 1199 768 faciendo
1223 727 1274 790 ag·

253 793 322 877 geri
346 790 565 875 detrahebant,
589 792 645 856 alii
666 814 857 877 magnarum
882 793 1032 857 arborum
1055 792 1183 876 stipites
1202 816 1275 857 cum

253 882 350 944 ramis
374 903 411 944 ac
433 883 535 944 moles
560 903 708 946 saxorum
734 884 769 945 in
792 903 943 945 cavernas
968 883 1155 946 deiciebant.
1195 881 1275 946 lam·
1295 880 1334 947 31'

225 992 315 1053 sque
338 991 438 1056 agger
460 976 653 1053 aequaverat
674 992 819 1034 summae
836 970 1006 1056 fastigium
1024 975 1142 1036 terrae:
1165 971 1275 1054 itaque

251 1063 357 1122 turres
380 1060 596 1144 erigebantur,
622 1081 704 1143 quae
727 1081 826 1143 opera
847 1059 972 1145 ingenti
996 1059 1139 1124 militum
1162 1061 1275 1124 ardore

252 1150 338 1212 intra
364 1171 487 1213 nonum
516 1149 600 1212 diem
629 1148 779 1213 absoluta
802 1153 887 1213 sunt.
933 1147 986 1213 Ad
1005 1171 1042 1213 ea
1064 1149 1196 1213 visenda
1219 1172 1276 1213 rex

251 1238 395 1302 nondum
420 1236 560 1303 obducta
583 1239 710 1302 vulneri
727 1238 876 1302 cicatrice
895 1238 1055 1321 processit
1072 1239 1276 1321 laudatisque

252 1326 410 1391 militibus
443 1326 606 1392 admoveri
634 1326 802 1392 machinas
829 1328 938 1410 iussit,
971 1350 988 1390 e
1018 1328 1136 1410 quibus
1161 1328 1275 1413 ingens

211 1442 238 1483 ro
252 1417 301 1478 vis
334 1418 473 1480 telorum
506 1418 539 1479 in
571 1421 830 1501 propugnatores
864 1416 966 1480 effusa
995 1421 1053 1482 est.
1098 1416 1275 1500 Praecipue
1294 1434 1327 1482 32

252 1507 347 1569 rudes
371 1507 486 1569 talium
511 1528 645 1589 operum
668 1505 834 1570 terrebant
857 1506 994 1569 mobiles
1018 1510 1132 1589 turres,
1155 1510 1274 1570 tantas-

252 1616 314 1677 que
337 1596 439 1659 moles
463 1598 553 1660 nulla
577 1616 646 1679 ope,
671 1617 753 1679 quae
776 1599 969 1678 cerneretur,
993 1595 1118 1659 adiutas
1143 1595 1275 1658 deorum

250 1685 383 1747 numine
412 1685 465 1769 agi
488 1683 674 1749 credebant:
706 1685 773 1768 pila
798 1706 927 1768 quoque
950 1685 1088 1747 muralia
1111 1689 1143 1748 et
1166 1705 1276 1749 exous-

252 1795 304 1836 sas
336 1774 506 1836 tormentis
543 1795 734 1858 praegraves
766 1773 877 1838 hastas
909 1773 1074 1858 negabant
1105 1773 1275 1837 convenire

212 1890 237 1928 15
252 1861 453 1925 mortalibus.
499 1860 613 1946 Itaque
643 1862 812 1945 desperata
842 1862 932 1926 urbis
960 1862 1063 1926 tutela
1091 1883 1275 1926 concessere
1295 1880 1329 1927 33

253 1952 287 2013 in
311 1972 424 2014 arcem.
456 1949 544 2034 Inde,
568 1953 645 2035 quia
666 1950 751 2015 nihil
773 1951 914 2016 obsessis
932 1954 1060 2034 praeter
1079 1951 1275 2015 deditionem

251 2041 393 2122 patebat,
416 2040 516 2125 legati
540 2041 580 2104 ad
603 2062 714 2124 regem
733 2039 966 2105 descenderunt
985 2042 1111 2104 veniam
1130 2040 1274 2123 petituri.

252 2127 323 2204 Qua
345 2130 507 2212 inpetrata
529 2129 642 2215 regina
664 2130 754 2194 venit
777 2152 851 2193 oum
872 2151 990 2215 magno
1008 2130 1164 2193 nobilium
1184 2130 1276 2193 femi·
1295 2146 1329 2195 34

251 2240 365 2281 narum
394 2239 492 2303 grege
520 2220 625 2283 aureis
654 2219 775 2301 pateris
798 2220 874 2283 vina
896 2218 1078 2282 libantium.
1124 2216 1199 2302 Ipsa
1223 2240 1275 2304 ge·
1294 2236 1327 2283 35

211 2334 237 2373 ro
251 2307 346 2370 nibus
369 2309 456 2392 regis
479 2329 579 2391 parvo
602 2309 671 2372 filio
695 2309 826 2372 admoto
850 2330 916 2371 non
939 2307 1065 2371 veniam
1090 2309 1196 2391 modo,
1219 2308 1276 2371 sed

252 2397 349 2459 etiam
377 2397 532 2480 pristinae
560 2398 710 2461 fortunae
737 2397 911 2482 inpetravit
940 2397 1047 2462 decus:
1079 2395 1198 2480 quippe
1222 2420 1275 2481 ap-

251 2489 371 2569 pellata
398 2486 511 2570 regina
538 2490 595 2551 est.
641 2486 685 2551 Et
714 2486 875 2551 credidere
899 2485 1029 2569 quidam
1054 2486 1128 2569 plus
1151 2487 1274 2550 formae

252 2597 349 2657 quam
381 2575 581 2639 miserationi
611 2575 735 2640 datum:
767 2597 868 2659 puero
900 2596 1029 2659 quoque
1052 2579 1139 2639 oerte
1162 2579 1275 2659 postea
1294 2591 1328 2639 36

251 2687 291 2728 ex
314 2686 351 2727 ea
373 2670 549 2749 utcumque
572 2665 682 2750 genito
707 2663 890 2729 Alexandro
913 2663 977 2727 fuit
999 2686 1126 2728 nomen.

198 2760 236 2813 39
319 2752 405 2818 Hinc
427 2753 632 2837 Polypercon
662 2754 702 2817 ad
732 2753 847 2818 urbem
874 2751 998 2816 Horam
1030 2774 1103 2818 oum
1132 2753 1273 2816 exercitu
1291 2758 1329 2811 XI

211 2869 237 2908 ss
251 2844 371 2907 missus
394 2844 578 2908 inconditos
602 2843 782 2927 oppidanos
806 2841 930 2926 proelio
954 2842 1045 2907 vicit:
1069 2843 1154 2905 intra
1172 2844 1275 2906 muni-

325 3059 338 3106 1
359 3054 446 3124 Ergo]
466 3070 518 3122 ego
536 3060 606 3107 Pm.
617 3071 663 3122 pr.
737 3059 752 3106 2
773 3052 1000 3106 demoliebantur
1020 3053 1140 3106 Giunta:
1162 3053 1274 3106 emolie-

252 3124 356 3177 bantur
374 3132 407 3191 P,
427 3125 636 3179 amoliebantur
655 3132 680 3181 0.
773 3130 789 3178 3
808 3125 988 3195 magnarum]
1007 3141 1173 3193 magnorum
1192 3130 1219 3176 P.

253 3212 316 3247 cum
330 3195 416 3248 ramis
430 3197 649 3250 Freinshemius:
665 3195 785 3249 cumulis
801 3200 832 3249 A.
902 3201 917 3248 6
937 3195 1120 3265 erigebantur
1133 3202 1165 3250 P:
1185 3196 1274 3265 erige-

252 3266 322 3319 bant
341 3274 365 3319 c.
446 3272 479 3320 10
498 3267 600 3339 effusa]
620 3266 677 3321 effu
694 3274 762 3322 Pm,
775 3285 821 3337 pr.
901 3273 934 3320 12
954 3267 1067 3321 adiutas
1086 3274 1155 3320 Fm.
1165 3286 1210 3337 pr.
1226 3272 1274 3319 VB

252 3354 321 3392 corr.
346 3344 365 3389 1.
387 3355 468 3393 corn:
498 3340 611 3393 auditas
639 3344 659 3391 Β
684 3358 718 3393 m.
739 3357 784 3407 pr.
809 3345 830 3391 P
852 3355 920 3393 corr.
944 3345 973 3405 P,
1002 3339 1220 3393 auadiatasaaa*
1245 3345 1273 3391 ι.

254 3415 287 3462 13
307 3411 451 3480 excussas]
475 3427 591 3464 excusas
614 3416 642 3463 P.
740 3417 773 3464 15
794 3410 956 3481 desperata]
981 3410 1126 3480 disperata
1148 3415 1217 3464 Pm.
1229 3428 1274 3478 pr.

253 3486 285 3534 16
306 3480 386 3551 quia]
401 3487 540 3548 quaPm.
549 3499 593 3550 pr.
650 3482 784 3552 obsessis]
799 3482 927 3535 obsessos
941 3488 962 3535 P
976 3500 1011 3536 m.
1021 3499 1067 3551 pr.
1142 3486 1175 3534 17
1195 3490 1274 3550 pate·

251 3552 302 3604 bat
311 3553 503 3607 Eberhardus:
523 3552 657 3620 placebat
666 3557 696 3605 Δ.
752 3559 785 3607 21
806 3552 905 3623 etiam]
924 3553 1014 3606 eciam
1023 3558 1054 3606 v.
1110 3559 1143 3606 22
1158 3553 1275 3621 quidam

251 3623 328 3693 plus]
343 3623 412 3691 quid
427 3624 550 3692 amplius
563 3629 584 3676 P
599 3642 632 3678 m.
640 3642 695 3692 pr,
709 3624 827 3691 quidam
842 3623 964 3691 amplius
980 3630 999 3675 P
1013 3642 1048 3678 m.
1062 3641 1114 3679 rec.
1174 3629 1208 3677 23
1223 3624 1275 3676 mi-

252 3695 399 3766 serationi]
408 3696 604 3749 miserationni
613 3702 645 3749 V.
682 3696 782 3766 puero]
794 3712 865 3763 puro
875 3702 894 3747 P
904 3712 939 3749 m.
945 3713 991 3765 pr.
1048 3700 1082 3748 25
1096 3694 1182 3767 Hino]
1191 3694 1238 3748 hie
1249 3700 1274 3747 0.

251 3766 425 3835 Polypercon
436 3774 462 3819 1:
478 3766 706 3836 poliperconBP,
722 3767 906 3836 poliperohon
916 3772 997 3820 ΕΠ.
1043 3765 1148 3822 Horam
1163 3768 1273 3835 scripsi:

251 3855 332 3891 nram
346 3844 366 3889 P
380 3857 414 3893 m.
421 3858 477 3908 pr,
492 3855 590 3892 noram
604 3844 647 3891 cP
661 3856 696 3893 m.
706 3856 755 3893 sec.
808 3844 842 3891 26
856 3837 974 3910 missus]
985 3838 1076 3891 misus
1086 3843 1137 3888 Pl.
1147 3842 1288 3900 ram-*³-

1077 3922 1135 3975 lb*
