3150 4459
427 488 681 542 HISTORIARUM
700 489 917 543 ALEXANDRI
938 488 1010 555 VIII,
1031 495 1130 542 11.12.
1223 488 1288 552 295

266 651 407 715 obsideri
430 670 479 715 xx
502 651 634 715 milibus
658 656 857 716 armatorum
882 652 921 715 ab
936 652 1037 715 Erice
1055 652 1196 735 quodam
1215 673 1288 716 con-

265 742 414 824 perisset,
456 740 585 825 gravius
626 763 743 827 agmen
774 742 934 805 exereitus
968 739 1074 806 Coeno
1108 736 1288 804 ducendum

264 830 399 892 modicis
429 830 600 894 itineribus
628 830 775 913 tradidit,
814 833 882 914 ipse
911 852 1117 916 praegressus
1140 852 1195 912 per
1218 830 1324 893 fun-a

266 919 386 982 ditores
406 941 442 982 ac
461 919 649 1004 sagittarios
669 917 857 999 deturbatis²
877 920 933 1004 qui
953 920 1144 984 obsederant
1160 919 1288 1004 saltum,

239 1008 476 1090 esequentibus
501 1030 534 1071 se
558 1010 659 1091 copiis
683 1010 768 1072 viam
790 1008 876 1073 fecit.
914 1007 986 1073 Indi
1012 1010 1079 1072 sive
1099 1009 1173 1074 odio
1199 1009 1289 1072 ducis
1309 1024 1324 1071 3

266 1097 333 1159 sive
362 1097 500 1181 gratiam
528 1098 662 1163 victoris
691 1098 806 1162 inituri
829 1098 1153 1184 Ericensfugientem
1183 1097 1289 1161 adorti

265 1187 498 1249 interemerunt
521 1193 682 1270 caputque
703 1188 772 1250 eius
791 1192 888 1270 atque
907 1210 996 1250 arma
1015 1188 1054 1250 ad
1069 1186 1289 1251 Alexandrum

265 1275 459 1339 detulerunt,
504 1274 563 1340 llle
586 1276 672 1340 facto
698 1277 915 1359 inpunitatem
938 1277 1034 1360 dedit,
1057 1276 1215 1340 honorem
1238 1275 1290 1339 de·

265 1366 396 1449 negavit
419 1367 575 1449 exemplo

212 1458 250 1513 42
334 1452 419 1518 Hinc
447 1454 488 1517 ad
515 1455 637 1517 flumen
659 1452 776 1517 Indum
806 1454 1050 1519 sextisdecumis
1079 1453 1193 1518 castris
1221 1470 1325 1537 per-4

226 1571 251 1609 11
265 1543 355 1605 venit
378 1544 563 1627 omniaque,
592 1548 628 1605 ut
651 1546 870 1628 praeceperat,
898 1543 939 1607 ad
962 1543 1175 1607 traiciendum
1199 1563 1288 1626 prae·

264 1636 378 1715 parata
401 1632 442 1695 ab
468 1632 709 1715 Hephaestione
732 1633 883 1715 repperit.
929 1631 1102 1718 Regnabat
1124 1632 1159 1695 in
1183 1654 1219 1695 ea
1243 1654 1290 1695 re-

266 1721 362 1805 gione
377 1720 521 1804 Omphis,
546 1723 602 1805 qui
625 1722 711 1805 patri
735 1728 863 1805 quoque
887 1722 993 1785 fuerat
1019 1726 1131 1785 auctor
1155 1721 1325 1784 dedendis

266 1832 401 1893 regnum
430 1809 615 1873 Alexandro
646 1815 677 1874 et
709 1815 784 1894 post
816 1815 955 1875 mortem
988 1811 1131 1894 parentis
1164 1810 1290 1896 legatos

227 1926 251 1965 15
266 1900 409 1983 miserat,
433 1899 488 1982 qui
510 1899 714 1963 consulerent
733 1921 816 1983 eum,
837 1921 972 1984 regnare
992 1921 1025 1963 se
1044 1900 1174 1963 interim
1193 1901 1292 1964 vellet

267 2010 306 2049 an
340 1989 502 2070 privatum
536 1989 677 2073 opperiri
711 1989 779 2052 eius
813 1989 994 2052 adventum.
1054 1988 1326 2073 Permissoque,6

266 2080 304 2139 ut
327 2081 486 2161 regnaret,
514 2083 711 2141 nontamen
736 2080 785 2141 ius
810 2078 922 2141 datum
945 2099 1101 2161 usurpare
1126 2077 1290 2142 sustinuit.

266 2164 297 2228 Is
320 2165 460 2250 benigne
484 2167 614 2249 quidem
634 2171 803 2249 exceperat
816 2165 1089 2251 Hephaestionem
1113 2167 1291 2253 gratuitum

266 2255 464 2318 frumentum
490 2255 591 2339 copiis
616 2256 684 2319 eius
708 2256 890 2339 admensus,
912 2279 979 2320 non
1002 2262 1110 2320 tamen
1135 2256 1164 2319 ei
1184 2277 1291 2319 occur-

227 2372 252 2410 so
267 2348 367 2426 rerat,
399 2367 439 2408 ne
471 2346 566 2408 fidem
595 2346 694 2410 ullius
722 2346 785 2408 nisi
816 2346 901 2431 regis
925 2346 1133 2430 experiretur.
1177 2343 1325 2428 Itaque7

266 2433 408 2496 venienti
432 2434 562 2498 obviam
586 2456 659 2498 cum
679 2439 804 2498 armato
824 2435 967 2498 exercitu
986 2456 1134 2521 egressus
1154 2438 1212 2516 est,
1231 2434 1291 2497 ele-

265 2522 381 2605 phanti
410 2545 538 2607 quoque
566 2546 624 2607 per
651 2524 777 2588 modica
808 2523 979 2588 interualla
1002 2524 1144 2587 militum
1168 2523 1292 2609 agmini

266 2612 396 2675 inmixti
416 2613 530 2694 procul
549 2616 753 2677 castellorum
774 2614 917 2676 fecerant
936 2615 1084 2696 speciem.
1122 2611 1170 2676 Ac
1185 2613 1290 2696 primo
1311 2629 1326 2673 s

265 2699 449 2764 Alexander
473 2723 538 2765 non
562 2703 695 2785 socium,
719 2703 775 2767 sed
799 2703 925 2774 hostem
950 2702 1123 2765 adventare
1143 2700 1291 2764 credebat

226 2818 252 2856 ss
266 2791 394 2873 iamque
423 2795 455 2853 et
483 2791 552 2875 ipse
581 2814 670 2854 arma
697 2791 819 2855 milites
848 2813 961 2875 capere
989 2795 1021 2854 et
1045 2791 1169 2873 equites
1194 2790 1292 2853 disce*

267 2880 340 2942 dere
365 2881 399 2941 in
422 2901 543 2943 cornua
565 2880 704 2943 iusserat
727 2883 860 2963 paratus
884 2880 924 2942 ad
942 2902 1093 2965 pugnam.
1132 2878 1178 2942 At
1191 2877 1291 2942 Indus

266 2968 397 3051 cognito
412 2968 625 3033 Macedonum
648 2991 756 3033 errore
776 2969 872 3032 iussis
893 2969 1068 3032 subsistere
1088 2969 1203 3031 ceteris
1221 2968 1291 3051 ipse

266 3057 408 3119 concitat
432 3079 565 3140 equum,
589 3080 653 3141 quo
678 3057 868 3121 vehebatur:
899 3057 985 3120 idem
1008 3056 1192 3120 Alexander
1215 3078 1292 3139 quo-

340 3309 353 3356 l
374 3322 411 3355 xx
429 3303 545 3357 milibus
564 3310 589 3356 1:
614 3323 676 3356 xxc
691 3307 721 3356 A.
814 3310 830 3357 2
851 3302 942 3357 Coeno
962 3303 1131 3357 Frobeaius:
1151 3318 1241 3371 poeno
1258 3306 1291 3355 A;

267 3380 359 3443 3pcr
381 3374 539 3429 funditores
558 3377 715 3430 Bentleiue:
740 3374 898 3428 funditores
917 3379 947 3428 A.
1044 3379 1061 3426 4
1088 3374 1245 3427 deturbatis
1264 3379 1291 3427 1:

266 3446 443 3499 deturbatis
464 3452 488 3513 c,
509 3446 642 3499 deturbat
660 3446 705 3499 his
724 3452 752 3499 P.
844 3446 1014 3500 obsederant
1035 3446 1155 3501 Ginaia:
1181 3444 1292 3499 obside·

265 3521 331 3570 rant
349 3524 379 3570 A.
467 3517 565 3570 olndi
585 3518 752 3572 Frobenius:
772 3516 839 3571 inde
858 3523 889 3571 A.
978 3518 1166 3587 tcaputque]
1186 3517 1291 3585 capud·

266 3605 321 3655 que
340 3595 395 3641 Π.
476 3596 508 3642 12
528 3588 739 3658 Hephaestione
759 3589 875 3656 Corpus:
898 3587 1062 3657 ephestione
1082 3594 1112 3642 A.
1190 3593 1223 3640 16
1243 3604 1291 3657 op·

266 3660 365 3731 periri]
385 3660 464 3729 operi
483 3666 510 3713 1³.
584 3660 780 3727 Permissaque
799 3660 928 3714 Modica:
952 3660 1163 3730 praemissoque
1177 3665 1210 3725 Ρ,
1230 3674 1293 3727 per-

266 3732 424 3799 missusque
443 3737 523 3796 BH,
543 3732 729 3800 permissique
743 3737 774 3784 V.
862 3735 895 3784 18
914 3730 1153 3800 Hephaestionem
1174 3732 1291 3798 Corpus:

267 3804 461 3871 ephestionem
480 3809 511 3855 A.
567 3809 601 3856 20
620 3801 854 3873 ullius]illius1'.
911 3808 945 3856 25
966 3818 1066 3872 capere
1081 3802 1127 3873 et]
1142 3806 1229 3856 om]

266 3875 411 3929 discedere
431 3876 600 3929 Frobeuius:
621 3874 792 3928 descendere
811 3880 853 3927 A„
957 3913 959 3917 »
1186 3894 1188 3898 ’
