3150 4459
501 418 754 501 msr'oenaun
772 446 988 501 nnamnner
1006 446 1040 515 v,
1061 455 1085 500 1.
1243 448 1306 512 109

277 611 389 676 liberis
414 612 550 694 supplex
578 612 719 675 occurrit
745 610 860 675 urbem
888 632 986 694 seque
1009 611 1136 677 dedens.
1185 609 1304 675 Gratus

278 700 434 764 adventus
459 702 527 764 eius
551 701 621 785 regi
644 700 721 764 fuit:
752 700 874 785 quippe
902 702 1013 786 magni
1041 702 1147 784 operis
1177 700 1303 765 obsidio

277 790 387 853 futura
410 796 478 853 erut
506 794 572 852 tam
595 790 740 853 munitae
767 789 867 853 urbis.
914 787 967 852 Ad
994 789 1057 854 hoc
1084 790 1135 854 vir
1158 790 1304 855 inlustris
1326 807 1359 855 18

276 883 309 942 et
341 901 439 941 manu
471 882 642 962 promptus
675 879 826 961 famaque
863 879 961 943 etiam
998 879 1148 962 proximo
1181 879 1305 963 proelio

248 966 415 1035 scelebris
440 971 472 1031 et
492 972 614 1032 ceteros
634 968 675 1031 ad
694 968 891 1031 deditionem
910 990 969 1033 suo
988 968 1181 1033 incitaturus
1201 990 1305 1033 exem-

277 1058 334 1141 plo
350 1056 527 1121 videbatur.
573 1054 679 1142 Igitur
697 1057 785 1122 hunc
801 1056 930 1140 quidem
945 1056 1085 1142 benigne
1105 1078 1179 1121 cum
1192 1058 1304 1122 liberis
1349 1105 1353 1116 ,

278 1148 412 1230 excipit:
437 1150 578 1211 ceterum
604 1146 760 1228 quadrato
784 1147 924 1231 agmine,
955 1146 1042 1229 quod
1065 1148 1134 1230 ipse
1158 1146 1305 1229 ducebat,
1326 1164 1358 1211 19

208 1229 211 1236 ’
277 1235 368 1298 velut
390 1237 424 1299 in
449 1237 550 1300 aciem
575 1236 667 1318 irent,
691 1235 818 1320 ingredi
841 1257 917 1301 suos
940 1234 1039 1300 iubet.
1086 1235 1206 1321 Magna
1229 1258 1304 1319 pars

277 1324 536 1407 Babyloniorum
559 1325 748 1389 constiterat
775 1326 811 1389 in
837 1326 938 1389 muris
967 1325 1061 1389 avida
1089 1325 1304 1411 cognoscendi

205 1421 207 1424 ’
235 1439 262 1480 ιο
278 1435 400 1477 novum
419 1436 539 1500 regem,
561 1414 671 1496 plures
691 1413 820 1479 obviam
840 1414 961 1499 egressi
984 1418 1069 1478 sunt.
1115 1413 1204 1478 Inter
1223 1435 1304 1498 quos
1324 1431 1358 1479 ‘20

259 1502 505 1587 'Bagophanes
529 1503 611 1566 arcis
635 1507 668 1566 et
690 1504 799 1589 regiae
816 1504 972 1586 pecunias
992 1506 1109 1586 custos,
1132 1526 1173 1567 ne
1197 1503 1304 1568 studio
1329 1551 1331 1555 -

275 1614 293 1654 a
324 1591 454 1656 Mazaeo
485 1593 678 1674 vinceretur,
710 1597 818 1656 totum
848 1594 910 1656 iter
939 1592 1075 1657 floribus
1108 1594 1301 1677 coronisque

275 1685 495 1745 constraverat
522 1683 682 1767 argenteis
712 1680 868 1746 altaribus
896 1684 1036 1765 utroque
1063 1681 1164 1747 latere
1196 1682 1303 1765 dispo-

275 1771 354 1848 sitis,
393 1793 474 1853 quaa
511 1793 577 1834 non
613 1774 684 1834 ture
722 1770 828 1853 modo,
865 1770 921 1835 sed
960 1771 1110 1836 omnibus
1145 1771 1299 1836 odoribus

233 1885 260 1925 rs
275 1861 502 1924 cumulaverat.
549 1859 643 1923 Dona
666 1881 739 1923 eum
764 1860 983 1942 sequebantur
1005 1882 1119 1946 greges
1143 1869 1297 1944 pecorum
1318 1876 1351 1924 21

274 1970 504 2031 equorumque,
523 1949 631 2013 leones
652 1970 781 2031 quoque
801 1953 833 2012 et
847 1948 995 2032 pardales
1009 1951 1120 2018 caveis
1139 1951 1297 2034 praefere-

274 2037 400 2101 bantur.
447 2036 537 2123 Magi
561 2038 674 2103 deinde
699 2060 757 2101 suo
781 2060 871 2103 more
890 2059 1019 2102 carmen
1038 2043 1198 2121 canentes,
1223 2042 1299 2123 post
1320 2056 1353 2103 22

275 2128 335 2190 hos
365 2125 517 2191 Chaldaei
544 2126 866 2210 Babyloniorumque
893 2150 960 2191 non
988 2132 1077 2192 vates
1106 2127 1213 2212 modo,
1244 2128 1300 2193 sed

275 2217 371 2279 etiam
400 2216 539 2280 artifices
568 2239 643 2281 cum
671 2216 791 2281 fidibus
821 2218 872 2281 sui
898 2218 1026 2302 generis
1055 2216 1159 2282 ibant:
1187 2218 1299 2281 laudes

231 2332 261 2372 ao
275 2304 309 2368 hi
342 2326 457 2391 regum
490 2327 603 2369 canere
635 2306 732 2388 soliti,
765 2303 919 2370 Chaldaei
952 2306 1093 2370 siderum
1127 2310 1235 2372 motus
1268 2310 1301 2371 et

275 2397 375 2457 statas
417 2395 503 2459 vices
545 2398 729 2478 temporum
770 2395 946 2459 ostendere.
1011 2394 1148 2478 Equites
1186 2396 1300 2460 deinde
1320 2412 1354 2459 23

275 2482 450 2567 Babylonii
481 2505 539 2547 suo
571 2506 793 2568 equorumque
823 2485 912 2549 cultu
941 2486 982 2549 ad
1004 2485 1168 2548 luxuriam
1195 2485 1299 2571 magis

275 2594 372 2656 quam
408 2572 449 2635 ad
480 2572 758 2658 magnificentiam
789 2576 903 2637 exacto
934 2574 1042 2638 ultimi
1079 2573 1178 2638 ibant.
1231 2572 1301 2640 Rex

277 2662 409 2726 armatis
445 2662 584 2745 stipatus
616 2662 853 2745 oppidanorum
890 2662 1019 2727 turbam
1055 2666 1132 2746 post
1167 2662 1301 2727 ultimos

348 2916 361 2963 1
387 2908 518 2979 supplex]
551 2908 651 2977 suplex
673 2914 704 2961 V.
816 2915 831 2963 3
864 2908 961 2962 futura
991 2912 1064 2963 erat
1090 2914 1115 2961 1:
1149 2908 1245 2965 futura
1269 2915 1300 2962 Δ.

274 2986 290 3031 4
309 2981 470 3051 promptus]
488 2983 581 3053 pptus
600 2986 633 3047 L,
680 2995 782 3049 procus
802 2986 832 3033 v.
923 2980 1056 3049 famaque
1076 2987 1106 3033 ῦς
1131 2980 1262 3049 fameque
1280 2987 1301 3033 Ρ

272 3069 308 3104 m.
318 3069 364 3119 pr.
439 2998 818 3122 odeditionemfditionem
836 3057 864 3104 Ρ.
944 3068 993 3105 suo
1013 3051 1187 3106 Dumateius:
1207 3052 1251 3105 sui
1269 3056 1299 3105 Δ.

274 3127 288 3174 7
310 3121 461 3193 quadrato]
485 3122 627 3189 quadratu
645 3128 714 3177 Pm.
724 3141 780 3192 pr„
804 3124 943 3191 quadrat*
958 3129 986 3175 L.
1078 3128 1095 3177 8
1114 3123 1205 3177 aciem
1227 3124 1301 3177 irent

274 3194 403 3248 Medias:
424 3194 485 3246 acie
503 3195 627 3262 migrent
640 3199 663 3246 Δ
682 3194 771 3265 [atiaa
784 3194 911 3264 migrans
924 3194 968 3265 V]
1031 3199 1046 3246 9
1067 3194 1299 3266 Babyloniorum]

272 3263 501 3332 babylloniorum
515 3271 546 3317 v.
619 3265 715 3337 avida]
735 3265 820 3320 auido
835 3270 866 3319 V.
941 3272 973 3319 11
994 3264 1194 3337 Bagophanes]
1213 3266 1299 3336 bago-

273 3336 353 3389 fanes
373 3340 478 3388 BFLP.
556 3342 588 3388 12
608 3336 723 3390 Mazaeo
742 3338 847 3391 Aldus:
867 3354 963 3390 mazeo
982 3341 1013 3389 Δ.
1090 3337 1157 3408 iter]
1176 3337 1251 3391 inter
1268 3343 1300 3391 v.

275 3413 308 3460 13
328 3407 530 3477 constraverat]
547 3410 727 3461 constauerat
739 3414 768 3461 Ρ.
825 3413 859 3461 14
877 3408 953 3480 ture]
971 3408 1054 3461 thure
1068 3413 1099 3462 V.
1156 3413 1189 3461 15
1204 3426 1299 3463 cumu-

272 3477 392 3549 laverat]
413 3479 637 3533 cumululauerat
650 3485 679 3531 Ρ,
733 3496 869 3548 pecorum
883 3496 934 3533 om.
948 3485 979 3532 v.
1041 3484 1074 3533 16
1093 3480 1198 3552 caveis]
1213 3497 1299 3534 cauae

272 3550 317 3604 his
336 3556 367 3603 V,
427 3555 460 3602 18
480 3549 627 3623 Chaldaei]
647 3550 738 3604 caldei
757 3556 826 3604 Bm.
839 3568 883 3619 pr.
898 3557 952 3604 PL.
1010 3550 1298 3623 Babyloniorumque]

272 3621 559 3690 babylloniorumquo
577 3627 608 3675 V.
683 3627 716 3675 19
735 3622 851 3693 fidibus]
871 3622 1002 3676 fidelibus
1016 3628 1047 3675 V.
1120 3623 1177 3694 sui]
1196 3624 1256 3677 sui*
1271 3629 1299 3676 Ρ.

273 3699 307 3746 20
328 3692 475 3764 Chaldaei]
494 3692 604 3747 caldaci
622 3699 654 3745 V.
740 3700 773 3747 21
795 3697 884 3748 statas
903 3700 972 3748 Pru.
982 3711 1042 3763 pa:
1067 3696 1189 3748 statutas
1208 3702 1234 3760 ὓ,
1252 3696 1300 3750 aad

271 3766 304 3817 in
321 3766 447 3835 margine
469 3765 586 3819 additur
602 3765 651 3819 uel
674 3767 771 3819 statas.
865 3770 898 3818 22
921 3765 1086 3837 Babylonii]
1107 3765 1245 3820 babilonii
1269 3772 1299 3832 Ρ,

272 3835 430 3904 babyllonii
448 3841 480 3902 V,
499 3836 640 3904 bibylonii
657 3841 686 3888 L.
767 3843 801 3890 24
821 3836 1040 3908 oppidanorum]
1063 3837 1256 3907 opidanorum·
1268 3843 1299 3890 v.
