3150 4459
323 416 386 479 174
693 415 724 481 Q.
745 415 854 470 CURTI
872 415 959 469 RUFI

319 602 390 665 gas:
427 579 581 644 bellicosa
609 581 698 645 matio
731 583 787 644 est.
844 578 995 664 Satrapes
1031 583 1100 642 eret
1135 578 1343 663 Barzaentes,

320 669 449 732 sceleris
467 670 502 732 in
515 690 624 755 regem
638 691 732 734 suum
749 670 911 752 particeps
925 668 1037 732 Besso:
1051 669 1079 731 is
1094 666 1343 752 suppliciorum,

319 780 401 841 quse
424 763 592 841 meruerat,
615 763 703 823 metu
726 758 873 843 profugit
894 758 928 821 in
951 756 1086 821 Indiam.

252 851 305 906 vn
386 846 453 911 Iam
477 868 600 911 nonum
619 847 704 912 diem
723 848 841 911 stativa
855 852 955 931 erant,
978 869 1051 911 cum
1070 846 1249 910 externari
1273 867 1343 910 non
1356 851 1390 906 25

319 941 409 1002 tutus
436 937 532 1001 modo
555 959 627 1019 rex,
656 937 712 1000 sed
738 938 880 1001 invictus
908 936 1061 1000 intestino
1085 935 1229 1000 facinore
1253 939 1342 1018 pete-
1368 962 1379 1001 5

282 1025 421 1090 rhatur.
467 1025 628 1110 Dymnus,
655 1026 800 1090 modicae
830 1026 916 1109 apud
943 1047 1050 1110 regem
1081 1024 1286 1088 auctoritatis
1311 1028 1344 1089 et

318 1115 453 1201 gratiae,
486 1117 617 1199 exoleti,
650 1116 707 1195 sui
733 1114 931 1180 Nicomacho
964 1119 1033 1178 eret
1063 1135 1195 1196 nomen,
1229 1136 1343 1179 amore

282 1221 298 1267 s
318 1204 477 1289 flagrabat
500 1205 654 1287 obsequio
677 1205 734 1268 uni
757 1205 820 1269 sibi
838 1203 939 1268 dediti
957 1204 1102 1287 corporis
1126 1204 1264 1267 vinctus.
1299 1202 1343 1285 Is,

319 1293 405 1377 quod
420 1316 459 1357 ex
477 1295 571 1358 vultu
590 1314 718 1377 quoque
737 1293 879 1377 perspici
902 1296 1040 1377 poteret,
1063 1291 1178 1355 similis
1197 1293 1341 1356 attonito

318 1384 449 1448 remotis
473 1382 603 1447 arbitris
627 1404 699 1447 cum
720 1383 834 1446 iuvene
848 1384 981 1448 secessit
994 1383 1029 1446 in
1046 1382 1202 1465 templum
1223 1402 1343 1444 arcana
1356 1407 1381 1447 ro

282 1489 352 1536 sse
378 1475 410 1536 et
434 1472 556 1536 silenda
579 1471 703 1535 adferre
725 1472 889 1555 praefatus
913 1491 1168 1555 suspensumque
1191 1476 1341 1553 expecta-

317 1560 406 1626 tione
424 1583 482 1645 per
496 1565 642 1626 mutuam
661 1562 829 1625 caritatem
849 1564 881 1624 et
899 1562 1037 1645 pignore
1055 1560 1224 1641 utriusque
1239 1559 1342 1623 animi

316 1655 427 1737 rogat,
457 1654 494 1713 ut
516 1650 664 1714 adfirmet
687 1649 906 1733 iureiurandO,
936 1672 1018 1733 quae
1042 1648 1270 1728 commisisset,
1298 1648 1342 1712 si·

281 1756 297 1802 s
317 1738 417 1804 lentio
442 1761 512 1804 esse
534 1743 704 1804 tectorum.
750 1738 795 1803 Et
818 1739 873 1803 ille
895 1743 985 1803 ratus
1007 1738 1104 1821 nihil,
1130 1737 1216 1824 quod
1239 1738 1340 1801 etiam

318 1850 392 1894 cum
415 1828 557 1913 periurio
582 1827 796 1914 detegendum
814 1829 907 1911 foret,
930 1828 1144 1892 indicaturum
1168 1848 1226 1909 per
1249 1848 1380 1911 prae-1⁶

282 1923 425 1984 §sentes
458 1917 534 1982 deos
567 1918 660 1981 iurat.
713 1916 797 1981 Tum
830 1917 980 2000 Dymnus
1008 1917 1112 2000 aperit
1140 1916 1173 1979 in
1205 1916 1340 1980 tertium

317 2007 402 2071 diem
420 2008 489 2093 regi
508 2006 642 2072 insidias
657 2011 846 2091 conparatas
860 2029 958 2090 seque
972 2007 1041 2070 eius
1055 2004 1183 2071 consilii
1196 2004 1339 2069 fortibus

282 2113 297 2160 7
316 2096 394 2160 viris
402 2100 435 2159 et
446 2096 638 2161 inlustribus
653 2117 721 2160 esse
735 2097 933 2181 participem.
966 2093 1089 2170 Quibus
1103 2095 1229 2158 iuvenis
1251 2094 1341 2158 audi-

315 2187 359 2249 tis
388 2207 421 2248 se
445 2180 520 2249 vbro
547 2185 644 2250 fidem
675 2186 709 2249 in
732 2185 905 2269 parricidio
929 2184 1054 2248 dedisse
1076 2187 1262 2247 constanter
1285 2182 1340 2247 ab

316 2276 388 2338 nuit
406 2295 465 2338 nec
482 2275 549 2339 ulls
563 2274 730 2359 religione,
748 2279 786 2339 ut
801 2277 904 2338 scelus
918 2277 1017 2360 tegat,
1035 2293 1130 2357 posse
1149 2273 1339 2359 constringi.
1353 2299 1379 2339 sa

280 2363 466 2446 sDymnus
498 2368 531 2427 et
560 2385 669 2429 amore
701 2368 734 2427 et
765 2367 855 2428 metu
884 2384 995 2427 amens
1022 2361 1186 2427 dexterum
1219 2361 1339 2426 exoleti

317 2452 492 2537 conplexus
523 2457 556 2515 et
589 2452 759 2517 lacrimans
791 2475 881 2517 orere
911 2454 1065 2536 primum,
1101 2454 1138 2514 ut
1174 2451 1338 2534 particeps

280 2541 444 2607 sconsilii
477 2541 647 2625 operisque
673 2542 780 2606 fieret:
814 2543 841 2606 si
869 2541 903 2605 id
932 2541 1090 2605 sustinere
1120 2561 1187 2604 non
1219 2545 1339 2623 posset,

316 2636 458 2695 ettamen
481 2654 522 2695 ne
540 2630 690 2714 proderet
710 2654 752 2715 sc,
775 2632 867 2696 cuius
887 2652 965 2716 erga
977 2630 1084 2713 ipsum
1099 2629 1337 2693 benivolentiae

315 2724 442 2805 praeter
472 2720 536 2784 alie
562 2720 625 2784 hoc
653 2741 782 2803 quoque
809 2720 944 2785 haberet
970 2719 1185 2785 fortissimum
1207 2720 1338 2804 pignus,
1352 2744 1377 2786 ss

316 2810 403 2893 quod
431 2813 528 2894 ceput
555 2831 649 2873 suum
672 2809 873 2893 permisisset
901 2809 978 2873 fidei
1010 2808 1114 2872 adhuc
1141 2809 1336 2890 inexpertae.

263 2916 295 2963 10
315 2899 368 2963 Ad
390 2901 540 2963 ultimum
560 2900 700 2963 aversari
719 2901 824 2963 scelus
845 2901 1101 2981 perseverantem
1115 2897 1228 2961 mortis
1247 2902 1337 2960 metu

315 2993 430 3052 terret:
454 2988 494 3052 ab
519 2988 574 3052 illo
600 2988 705 3072 capite
724 2986 910 3053 coniuratos
933 2986 1186 3071 pulcherrimum
1209 2985 1337 3050 facinus

262 3096 294 3142 11
315 3079 532 3143 incohaturos.
578 3076 669 3141 Alias
699 3078 814 3141 deinde
837 3078 1057 3142 effeminatum
1082 3079 1113 3139 et
1136 3074 1338 3139 muliebriter

388 3315 401 3360 1
422 3307 591 3360 Bsmaentes
611 3307 739 3361 Medius:
763 3304 930 3360 barzsenses
948 3312 1018 3360 Pm.
1031 3322 1086 3375 pr,
1104 3304 1290 3358 haruanenses
1310 3310 1335 3356 0.

315 3384 331 3432 6
350 3378 489 3449 Dymnus]
509 3377 621 3431 dimnus
640 3384 668 3431 P.
743 3383 757 3429 ‘1
778 3374 893 3448 exoleti]
913 3375 1034 3431 exsoleti
1052 3382 1080 3428 P.
1162 3374 1335 3429 Nicomacho

315 3451 418 3505 Aldas:
442 3449 626 3503 nichomacho
645 3455 678 3514 P,
697 3448 862 3503 nichomaco
882 3456 907 3502 c.
999 3453 1014 3501 8
1035 3447 1181 3517 obsequio]
1206 3446 1334 3515 obsiquio

314 3528 335 3573 P
349 3539 383 3575 m.
394 3540 439 3590 pr.
520 3520 560 3591 Is]
578 3520 621 3574 *is
639 3526 667 3571 P.
752 3527 782 3574 11
804 3519 926 3591 silenda]
945 3518 1049 3573 silente
1066 3524 1086 3570 P
1100 3536 1134 3573 m.
1146 3536 1202 3587 pr,
1221 3518 1336 3572 silentis

314 3598 369 3647 tv.
432 3598 464 3647 18
484 3592 610 3663 silentio]
630 3591 745 3646 silentiu
758 3598 778 3644 P
792 3609 826 3645 m.
839 3609 883 3660 pr.
940 3596 973 3645 16
992 3589 1132 3661 Dymnus]
1152 3589 1264 3643 dimnus
1277 3594 1334 3642 LV.

317 3670 349 3718 18
364 3662 484 3735 Quibus]
499 3663 548 3731 qui
562 3669 582 3715 P
596 3682 630 3718 m.
643 3681 686 3731 pr.
743 3668 777 3715 25
791 3662 989 3733 fortissimum]
1003 3661 1194 3715 lentissimum
1208 3667 1228 3712 P
1242 3679 1276 3715 m.
1289 3678 1334 3730 pr.

315 3742 348 3789 26
368 3736 543 3805 inexpertae]
559 3737 675 3803 exparte
688 3739 709 3785 P
722 3752 756 3787 m.
767 3752 813 3804 pr.
887 3738 921 3787 28
941 3733 1114 3804 coniuratos]
1134 3732 1296 3786 coniuratus
1315 3738 1336 3784 P

314 3826 348 3861 m.
361 3827 405 3876 pr.
494 3812 527 3860 29
546 3806 727 3859 incohaturos
746 3806 849 3860 Aldus:
879 3805 1039 3858 incoaturos
1058 3810 1086 3868 P,
1108 3804 1290 3857 inchoaturos
1309 3810 1334 3857 c.
