3150 4459
666 452 872 507 PRAEFATIO
1245 453 1282 507 IX

254 626 350 685 verba
378 623 509 683 librariis
537 623 641 700 ignota
665 641 754 699 saepe
773 622 902 697 foedius,
927 642 1017 699 quam
1038 624 1129 701 vulgo
1148 624 1195 698 fit,
1219 643 1280 683 cor-

252 718 350 791 rupta
369 716 446 773 sunt.
484 713 587 789 Neque
601 716 703 771 tamen
721 716 844 788 propter
862 712 1025 772 rhetoricas
1044 714 1112 771 illas
1132 713 1280 772 clausulas

253 825 273 863 a
288 804 428 865 codicum
446 802 617 861 testimonio
640 802 776 861 recedere
791 820 881 861 ausus
897 821 970 876 sum,
990 802 1078 879 quod,
1097 804 1149 878 qui
1169 804 1226 861 hac
1245 802 1280 862 de

255 914 288 953 re
307 896 499 969 scripserunt,
514 911 580 950 eam
594 911 785 968 nequaquam
799 892 872 951 satis
888 892 982 950 adhuc
998 893 1191 968 explicavisse
1206 893 1281 951 mihi

256 983 407 1043 videntur.

323 1072 360 1130 In
388 1070 560 1130 adornanda
586 1073 686 1129 autem
713 1070 844 1129 editione
869 1090 948 1129 nunc
976 1071 1110 1130 codicum
1135 1071 1279 1130 lectiones

254 1163 304 1221 vel
324 1180 439 1220 errores
458 1163 484 1219 si
502 1179 562 1218 non
581 1178 695 1235 omneS,
719 1163 751 1219 at
771 1161 832 1220 fere
852 1180 953 1219 omnes
975 1160 1132 1235 adscripsi:
1157 1180 1228 1219 nam
1246 1164 1281 1218 ut

256 1269 360 1310 omnes
380 1250 528 1324 adderem,
547 1250 585 1308 ab
604 1252 703 1308 animo
722 1269 788 1309 meo
808 1269 868 1308 non
883 1252 1046 1325 impetravi
1064 1269 1098 1309 ac
1117 1252 1166 1309 vix
1186 1252 1280 1325 potui,

256 1340 338 1416 quod
358 1341 491 1416 quinque
514 1340 561 1398 illi
581 1340 695 1398 codices
719 1358 834 1414 omneS,
860 1342 1007 1414 utsupra
1033 1339 1129 1410 docui,
1159 1358 1218 1397 non
1243 1340 1280 1398 ab

257 1449 316 1489 uno
337 1432 502 1488 correctore
526 1428 657 1488 eiusdem
680 1430 790 1488 aetatis
815 1428 962 1505 recogniti
983 1432 1064 1503 sunt,
1091 1429 1141 1487 sed
1166 1448 1280 1487 acom-

256 1520 408 1594 pluribuS,
435 1520 488 1595 qui
507 1518 593 1577 Ourti
612 1518 702 1577 verba
726 1538 843 1578 summa
866 1518 989 1576 libidine
1015 1521 1279 1593 commutaverunt,

257 1628 324 1668 cum
344 1628 382 1667 ne
402 1608 543 1684 scalpello
563 1608 683 1683 quidem
698 1608 892 1683 abstinerent,
911 1610 945 1666 ut
963 1608 1045 1666 haud
1058 1627 1126 1667 raro
1141 1609 1202 1666 iam
1221 1627 1280 1667 non

256 1699 353 1775 possit
368 1698 484 1773 dispici,
503 1698 575 1773 quid
591 1716 609 1755 a
623 1698 747 1756 librario
762 1697 838 1773 ipso,
857 1698 928 1773 quid
944 1716 962 1755 a
977 1700 1151 1772 correctore,
1171 1698 1244 1773 quid
1263 1717 1280 1755 a

255 1789 362 1847 ceteris
389 1789 558 1863 profectum
582 1789 629 1846 sit.
666 1788 711 1845 Ac
737 1806 855 1861 vereor,
880 1807 917 1844 ne
942 1789 1146 1861 inveniantur,
1173 1788 1280 1862 quiin

256 1879 405 1936 varietate
431 1877 565 1936 codicum
587 1876 771 1950 adnotanda,
798 1876 877 1952 quod
901 1876 1018 1953 saepius
1044 1895 1091 1935 res
1114 1877 1280 1937 levissimas

256 1968 497 2043 adscripsissem,
522 1967 643 2024 modum
662 1986 709 2025 me
732 1966 887 2024 transiisse
913 1966 1023 2025 dicant.
1062 1966 1119 2024 Sed
1143 1967 1280 2042 quamvis

256 2056 334 2116 hanc
353 2056 470 2115 sordem
484 2060 607 2132 tangere
625 2057 750 2133 pigeret,
769 2057 871 2113 tamen
884 2056 953 2114 illos
969 2074 1081 2114 errores
1100 2056 1280 2131 perscribere

257 2147 392 2203 animum
410 2145 529 2219 induxi,
555 2144 634 2219 quod
661 2146 750 2203 aliter
775 2163 862 2203 nemo
888 2147 1054 2220 perspicere
1080 2147 1193 2222 potest,
1220 2166 1279 2220 quo

257 2236 345 2294 modo
366 2238 396 2293 et
415 2235 529 2293 codices
544 2233 681 2293 Curtium
700 2234 857 2309 depravati
876 2236 936 2292 sint
955 2236 986 2292 et
1000 2232 1084 2292 Curti
1104 2235 1194 2293 verba
1213 2255 1279 2294 cum

256 2325 361 2400 aliqua
387 2324 583 2383 similitudine
609 2326 673 2382 veri
700 2323 850 2382 emendari
876 2325 1000 2398 possint.
1038 2324 1280 2398 Discrepantiam

256 2418 359 2472 tamen
380 2413 642 2491 orthographicam
661 2415 758 2473 rarius
778 2413 935 2487 adnotavi,
958 2413 1038 2489 quod
1057 2414 1088 2470 in
1107 2415 1213 2473 hacne
1233 2414 1297 2473 co-v

257 2503 357 2563 dicum
373 2502 584 2561 Curtianorum
599 2502 762 2561 auctoritas
777 2501 940 2560 admodum
954 2506 999 2560 est
1008 2501 1090 2561 levis.
1121 2503 1213 2560 Nolui
1228 2523 1279 2561 au-

256 2595 318 2651 tem
328 2595 359 2650 in
372 2592 522 2651 erroribus
532 2611 620 2668 saepe
635 2593 858 2651 occmrentibus
872 2611 933 2650 una
947 2592 1140 2650 adnotatione
1149 2593 1279 2669 defungi,

257 2683 309 2741 sed
328 2700 441 2742 errores
461 2701 514 2740 suo
540 2701 688 2758 quemque
713 2682 778 2740 loco
805 2681 945 2756 repetivi,
971 2684 1018 2756 ut,
1044 2681 1069 2739 si
1097 2681 1143 2739 cui
1163 2682 1224 2739 alia
1243 2682 1279 2740 de

256 2790 348 2830 causa
366 2790 444 2829 unus
459 2771 508 2829 vel
522 2772 598 2830 alter
616 2772 700 2830 loeus
716 2770 801 2829 Curti
819 2770 1021 2846 inspiciendus
1042 2773 1126 2844 esset,
1145 2773 1171 2829 is
1190 2771 1279 2829 facile

255 2860 381 2935 videret,
396 2861 468 2935 quid
483 2860 619 2920 codicum
633 2861 813 2919 auctoritate
828 2861 983 2934 niteretur,
1003 2859 1077 2934 quid
1091 2862 1278 2919 coniecturae

256 2950 423 3009 deberetur.
456 2950 541 3009 Unde
556 2952 648 3009 etiam
657 2950 854 3025 repetendum
869 2951 923 3023 est,
939 2949 1018 3024 quod
1032 2951 1165 3008 virorum
1179 2949 1278 3009 docto·
1316 2983 1321 2990 ·
1359 3025 1361 3030 ⁴

255 3060 326 3097 rum
346 3041 541 3114 coniecturas,
560 3058 635 3116 quas
654 3040 800 3115 plurimas
815 3039 940 3117 conlegi,
959 3038 990 3096 in
1011 3039 1204 3098 adnotatione
1224 3041 1278 3097 cri-

255 3131 318 3188 tica
337 3149 397 3188 non
417 3129 531 3188 addidi:
550 3150 620 3188 nam
638 3128 703 3186 fieri
716 3148 777 3187 non
791 3131 918 3204 poterat,
939 3128 1012 3203 quin
1026 3147 1136 3204 magna
1155 3128 1278 3188 adnota-

255 3219 374 3277 tionum
393 3219 471 3277 mole
490 3219 625 3278 codicum
644 3220 788 3277 memoria
808 3218 1017 3277 obscuraretur
1030 3219 1120 3291 atque
1141 3218 1278 3277 obruere·

255 3312 315 3366 tur.
354 3308 448 3367 Enixa
468 3311 568 3367 autem
588 3308 657 3366 dedi
675 3326 810 3384 operam,
829 3310 864 3365 ut
883 3308 1060 3365 coniecturis
1079 3326 1186 3366 nomen
1206 3309 1277 3382 eiua,

257 3398 311 3473 qui
330 3398 444 3472 primus
471 3417 536 3456 eam
562 3397 647 3471 fecit,
673 3396 880 3455 adscriberem.
915 3396 951 3455 ln
978 3415 1037 3471 quo
1062 3398 1135 3472 quin
1160 3399 1278 3473 saepius

256 3487 429 3561 erraverim,
448 3506 507 3546 non
526 3486 631 3545 dubito
651 3489 681 3544 et
700 3486 737 3545 ab
757 3486 903 3560 omnibus,
925 3486 1104 3562 quicumque
1122 3488 1181 3561 ipsi
1200 3487 1277 3546 idem

255 3576 357 3634 conati
383 3578 456 3652 sint,
482 3578 574 3636 errati
599 3576 717 3637 veniam
740 3596 787 3635 me
812 3577 1045 3652 impetraturum
1068 3594 1131 3635 esse
1155 3577 1277 3637 confido.

255 3666 349 3724 Velut
372 3685 488 3744 vereor,
514 3687 552 3725 ne
575 3666 657 3725 haud
681 3684 793 3742 paucas
820 3665 1041 3724 emendationes
1068 3666 1144 3724 falso
1172 3665 1277 3743 Oospo,

256 3757 311 3831 qui
329 3757 363 3813 in
377 3756 502 3815 Diodori
520 3756 556 3815 de
571 3756 713 3831 Philippo
734 3759 763 3813 et
776 3753 947 3813 Alexandro
967 3755 1178 3814 Macedonibus
1193 3757 1278 3817 libris

255 3845 378 3920 saepius
393 3866 495 3904 verum
509 3846 623 3922 primus
637 3844 761 3920 invenit,
780 3844 945 3905 tribuerim.
984 3844 1086 3903 Editio
1106 3846 1185 3903 enim
1199 3846 1275 3925 Lug-
