3150 4459
319 428 386 493 260
699 426 730 492 o.
751 426 861 481 0000
879 426 965 480 000

266 592 358 658 1100
391 591 544 655 ultimum
570 606 638 655 000
662 611 794 654 suorum
818 590 960 674 amissis,
994 613 1131 674 quorum
1150 607 1216 655 000
1241 590 1353 655 hostis

319 679 414 764 cepit,
438 680 551 745 dedere
575 684 667 766 terga
690 678 868 745 victoribus
887 680 975 744 haud
993 702 1069 745 sane
1087 678 1199 743 inulti:
1224 681 1353 765 quippe

319 788 416 834 cxxx
434 768 647 834 Macedonum
672 768 912 853 interfecerunt,
937 773 1125 853 praeterque
1149 785 1297 834 000000
1320 777 1355 833 00

267 875 299 925 18
319 877 341 924 0
365 858 466 924 000011
489 859 568 922 facti
591 863 675 923 sunt.
714 857 849 924 Veniam
870 862 978 922 tamen
998 859 1095 923 etiam
1114 862 1190 942 post
1209 859 1353 923 alteram

320 948 534 1013 defectionem
557 947 810 1032 inpetraverunt.
1286 944 1290 951 ’
1383 976 1394 1015 a

216 1045 218 1048 ’
267 1055 299 1103 10
385 1036 447 1101 Η10
471 1038 505 1100 10
528 1036 625 1101 fidem
649 1037 789 1121 acceptis
814 1038 848 1101 in
870 1037 1050 1123 regionem,
1076 1059 1173 1120 quam
1196 1036 1387 1101 NautacaS

319 1130 493 1211 appellant,
515 1149 573 1190 rex
596 1147 669 1191 cum
692 1130 763 1192 0000
788 1126 932 1190 exercitu
955 1126 1052 1191 venit.
1099 1125 1251 1209 Satrapes
1279 1131 1354 1191 erat

320 1214 520 1281 Sisimithres
544 1215 669 1280 duobus
693 1238 733 1280 ex
756 1237 814 1279 sua
836 1220 939 1280 matre
962 1215 1039 1279 filiis
1063 1214 1197 1300 genitis:
1222 1216 1354 1301 quippe

319 1305 406 1389 apud
433 1326 488 1369 eos
515 1305 703 1388 parentibus
731 1309 844 1389 stupro
874 1306 958 1369 coire
982 1327 1054 1369 cum
1078 1304 1189 1369 liberis
1212 1305 1264 1368 fas
1290 1310 1352 1370 000.

266 1394 351 1460 0010
375 1396 508 1459 armatis
530 1393 742 1477 popularibus
766 1395 874 1459 fauces
898 1396 1050 1480 regionis,
1078 1416 1142 1477 qua
1165 1396 1199 1457 in
1222 1394 1352 1459 artissi-
1369 1422 1395 1461 ιο

319 1507 409 1548 mum
442 1484 585 1569 cogitur,
617 1483 724 1547 valido
755 1483 956 1549 munimento
981 1487 1152 1567 saepserat.
1200 1483 1353 1549 Praeter·

262 1634 264 1638 .
319 1573 440 1637 fluebat
477 1577 603 1637 torrens
640 1574 758 1656 001010,
796 1576 888 1657 terga
919 1576 1011 1657 petra
1044 1571 1228 1638 claudebat:
1262 1572 1355 1639 hanc

266 1681 299 1729 01
320 1684 418 1727 manu
441 1664 586 1746 perviam
609 1664 734 1727 incolae
756 1663 907 1746 fecerant,
931 1663 985 1726 sed
1010 1662 1101 1727 aditu
1125 1684 1239 1746 specus
1266 1664 1354 1727 acci-

320 1752 370 1834 pit
400 1754 519 1835 lucem,
552 1752 705 1816 interiora
732 1752 797 1816 nisi
825 1752 927 1816 inlato
956 1752 1078 1817 lumine
1102 1752 1237 1817 obscuro
1261 1758 1352 1817 sunt.

320 1841 501 1924 Perpetuus
535 1841 701 1905 cuniculus
729 1842 792 1905 iter
819 1841 952 1925 praebet
981 1840 1015 1904 in
1039 1862 1170 1925 campos
1193 1841 1352 1925 ignotum
1370 1869 1394 1908 0

267 1948 300 1995 00
320 1931 384 1994 0101
415 1930 587 2016 indigenis.
641 1928 687 1993 At
719 1929 916 2010 Alexander,
949 1952 1145 2014 quamquam
1178 1931 1353 2014 angustias

320 2019 461 2083 naturali
484 2021 549 2083 situ
572 2020 714 2084 munitas
735 2018 797 2103 [00]
822 2020 929 2084 valida
947 2042 1044 2083 manu
1064 2019 1193 2084 barbari
1212 2020 1354 2085 tueban-

320 2113 387 2192 tur,
419 2113 528 2173 tamen
551 2108 707 2173 arietibus
730 2108 871 2173 admotis
896 2108 1109 2193 munimenta,
1142 2130 1224 2193 quae
1247 2131 1353 2175 manu

320 2198 473 2263 adiuncta
505 2203 610 2281 erant,
643 2199 807 2263 concussit
842 2198 1017 2281 fundisque
1050 2203 1082 2262 00
1113 2199 1241 2283 sagittis
1276 2221 1353 2282 pro-

320 2287 536 2373 pugnantium
559 2288 731 2372 plerosque
754 2287 878 2351 deiecit.
920 2286 1007 2364 Quos
1032 2287 1088 2352 ubi
1112 2288 1276 2372 dispersos
1303 2288 1353 2351 fu·
1368 2316 1394 2355 ao

322 2377 424 2461 gavit,
454 2377 564 2441 ruinas
592 2377 865 2441 munimentorum
894 2398 1121 2462 supergressus
1150 2377 1189 2441 ad
1219 2380 1352 2461 petram

268 2484 303 2531 00
322 2466 466 2530 admovit
480 2467 663 2531 exercitum.
688 2465 837 2531 Ceterum
853 2466 1087 2531 interveniebat
1099 2466 1217 2530 fluvius
1232 2487 1353 2532 coeun-

321 2554 410 2620 tibus
434 2555 527 2639 aquis
552 2578 590 2619 ex
614 2555 778 2639 superiore
802 2555 934 2642 fastigio
958 2555 992 2620 in
1016 2558 1142 2639 vallem,
1172 2557 1353 2642 magnique

269 2644 428 2728 cruperis
452 2644 622 2709 videbatur
645 2649 712 2708 tam
736 2649 861 2709 vastam
885 2644 1072 2729 voraginem
1091 2647 1233 2729 explere:
1256 2645 1353 2710 caedi

321 2739 429 2799 tamen
452 2734 583 2798 arbores
607 2738 640 2798 et
663 2756 740 2797 saxa
763 2735 895 2819 congeri
918 2734 1021 2798 iussit.
1069 2732 1252 2820 Ingensque
1276 2736 1352 2800 bar·
1368 2762 1393 2803 aa

321 2822 418 2888 baros
441 2845 542 2907 pavor
564 2824 659 2889 rudes
678 2824 717 2887 ad
736 2824 816 2887 talia
835 2845 932 2907 opera
950 2828 1156 2889 concusserat
1174 2826 1351 2890 excitatam

269 2914 442 2979 000101οι0
477 2913 584 2978 subito
618 2917 792 2977 cernentes.
848 2911 962 2997 Itaque
994 2935 1051 2975 rex
1084 2913 1122 2976 ad
1149 2912 1386 2980 deditionemt)

397 3113 410 3159 1
431 3107 495 3178 000]
514 3114 566 3159 000
580 3112 608 3161 P.
682 3112 697 3158 0
717 3105 806 3178 cepit]
821 3105 916 3175 coepit
929 3112 957 3160 P,
1049 3112 1065 3159 0
1085 3105 1351 3177 0010000000]οο-

322 3178 478 3234 feccionem
497 3184 527 3231 V.
606 3177 779 3232 6Nautaco
800 3178 970 3233 Glareanus:
989 3180 1078 3231 nauta
1097 3183 1126 3230 Δ.
1203 3176 1350 3232 8810001-

323 3251 400 3305 three
419 3252 529 3318 scripsi:
557 3249 731 3304 simithrides
750 3255 773 3302 A
793 3249 958 3319 [simitrides
973 3249 1016 3319 0]
1117 3248 1234 3319 genitis]
1253 3251 1351 3319 gentis

323 3329 387 3375 Pm.
394 3339 440 3391 pr.
497 3328 531 3376 10
544 3321 570 3374 10
582 3321 711 3376 Medius:
722 3325 783 3374 fia,
841 3327 873 3375 11
885 3321 1293 3446 0100110000οὰ]010010ιο0οοΡΙ

324 3393 802 3519 {retrudebantur
824 3392 1336 3519 attrebatensium

325 3539 391 3590 0000
411 3541 442 3590 Δ.
514 3507 519 3519 ⁸
543 3542 575 3589 15
600 3552 715 3605 campos
736 3508 865 3605 ignotum
887 3535 993 3590 Lauer:
1025 3551 1125 3604 campo
1151 3504 1296 3603 signorum
1317 3541 1349 3591 Δ.

326 3613 359 3661 16
378 3607 428 3678 Aa]
448 3608 485 3660 ad
501 3613 532 3662 V.
598 3613 630 3661 17
649 3607 744 3662 valida
762 3608 931 3662 Frobeaa'cs:
951 3606 1164 3661 0000110000.
1238 3612 1272 3661 00
1292 3607 1351 3662 010-

323 3681 432 3749 0000001
453 3680 599 3748 desponsos
620 3685 648 3733 Ρ.
758 3684 791 3731 01
812 3694 1008 3747 supergressus
1029 3685 1055 3733 1:
1084 3695 1299 3748 superegressus
1318 3684 1349 3735 A.

325 3756 358 3802 00
378 3751 515 3821 admovit]
541 3750 649 3804 amouit
668 3757 700 3816 P,
725 3750 840 3803 admoui
854 3755 885 3803 V.
977 3754 1011 3802 00
1030 3749 1159 3821 fastigio]
1179 3749 1301 3805 fascidio
1320 3757 1349 3806 P.

325 3828 359 3874 00
379 3823 427 3890 00]
447 3825 477 3875 00
495 3828 515 3874 P
529 3841 564 3876 m.
574 3840 620 3891 pr.
678 3827 714 3874 07
735 3821 920 3893 deditionem]
940 3821 1117 3876 dedicionem
1131 3828 1151 3873 1.
1165 3839 1199 3875 m.
1210 3839 1256 3890 pr.
1271 3827 1304 3877 V.
