3150 4459
319 456 362 520 68
426 511 428 513 ,
698 455 729 521 Q.
750 454 859 509 CURTI
879 454 964 509 RUFI

319 625 373 685 tur
408 623 572 684 matronae
609 619 816 706 virginesque
857 620 963 704 patrio
1005 641 1094 683 more
1136 620 1347 685 inconditum

319 710 481 795 quoddam
506 731 633 774 carmen
657 713 821 792 canentes,
851 732 915 794 quo
943 708 1114 792 propitiari
1137 707 1250 798 lovem
1276 731 1345 775 cre

266 816 299 864 25
319 801 410 882 dunt,
428 804 465 863 ut
479 803 602 864 certum
621 799 694 863 edat
709 800 884 863 oraculum.
931 796 980 863 Ac
998 803 1068 863 tum
1083 798 1345 885 quidemrreg'em
1361 808 1399 864 32

318 889 454 974 propius
473 888 643 952 adeuntem
664 889 825 954 maximus
848 892 928 953 natu
952 910 968 952 e
987 887 1208 953 sacerdotibus
1230 888 1346 953 filium

318 977 469 1063 appellat,
496 977 559 1042 hoc
585 999 704 1043 nomen
734 977 783 1042 illi
806 980 972 1061 parentem
996 976 1106 1041 lovem
1129 976 1263 1042 reddere
1288 978 1345 1044 ad-
1375 1008 1390 1049 r

317 1070 458 1132 firmans.
498 1066 557 1131 llle
576 1088 609 1132 se
628 1090 704 1133 vero
724 1072 757 1132 et
775 1068 919 1152 accipere
942 1069 989 1131 ait
1011 1071 1044 1131 et
1062 1066 1259 1153 adgnoscere
1284 1068 1347 1132 hu-

265 1174 299 1222 26
318 1179 432 1223 manae
456 1157 553 1221 sortis
578 1156 708 1222 oblitus.
755 1155 927 1221 Consuluit
950 1156 1074 1239 deinde,
1097 1178 1137 1220 au
1161 1157 1266 1221 totius
1291 1179 1347 1222 or-

318 1247 370 1311 bis
393 1246 565 1331 imperium
593 1246 670 1311 fatis
699 1246 761 1310 sibi
785 1247 1008 1310 destinaretur.
1054 1244 1151 1310 Pater
1173 1267 1278 1329 aeque
1307 1249 1347 1312 in

317 1337 533 1401 adulationem
550 1338 739 1420 conpositus
758 1340 917 1400 terrarum
933 1334 1077 1400 omnium
1091 1339 1250 1401 rectorem
1270 1336 1346 1402 fore

264 1444 297 1491 27
319 1425 470 1491 ostendit.
516 1425 597 1490 Post
615 1426 694 1490 haec
712 1426 834 1490 institit
853 1446 1016 1509 quaerere,
1035 1447 1075 1489 an
1095 1446 1205 1489 omnes
1223 1448 1388 1509 paren-10

317 1518 359 1580 tis
383 1515 434 1579 sui
452 1514 675 1579 interfectores
693 1537 814 1599 poenas
834 1515 1004 1580 dedissent.
1052 1512 1207 1579 Sacerdos
1225 1537 1346 1599 paren-

317 1611 382 1670 tem
411 1606 480 1670 eius
508 1608 606 1691 negat
633 1605 733 1669 ullius
761 1605 880 1669 scelere
908 1625 1004 1688 posse
1032 1603 1160 1687 violari,
1192 1601 1344 1690 Philippi

318 1699 425 1760 autem
455 1715 567 1759 omues
594 1694 694 1758 luisse
718 1693 890 1778 supplicia:
922 1693 1051 1778 adiecit,
1079 1693 1235 1764 invictum
1259 1694 1345 1779 fore,

264 1800 298 1849 28
317 1784 419 1849 donec
437 1783 605 1849 excederet
628 1783 668 1848 ad
688 1784 773 1848 deos.
820 1782 987 1849 Sacrificio
1007 1782 1121 1847 deinde
1143 1783 1231 1848 facto
1256 1783 1344 1849 dona

317 1878 350 1938 et
368 1874 588 1939 sacerdotibus
607 1877 639 1936 et
659 1873 718 1937 deo
738 1873 813 1937 data
831 1876 916 1958 sunt,
938 1872 1196 1957 permissumque
1215 1874 1342 1958 amicis,
1356 1900 1381 1942 ιι

316 1968 354 2027 ut
385 1962 449 2047 ipsi
488 1984 617 2046 quoque
650 1961 854 2028 consulerent
890 1960 1009 2027 Iovem.
1068 1960 1162 2025 Nihil
1199 1963 1342 2046 amplius

317 2052 524 2137 quaesierunt
548 2074 654 2136 quam,
678 2074 720 2116 an
743 2056 856 2116 auctor
879 2055 963 2116 esset
987 2052 1050 2117 sibi
1072 2051 1190 2115 divinis
1209 2051 1340 2117 honori-

316 2142 378 2206 bus
403 2141 530 2207 colendi
553 2162 646 2206 suum
669 2164 787 2227 regem.
835 2140 907 2206 Hoc
926 2162 1055 2225 quoque
1079 2144 1247 2225 acceptum
1269 2142 1341 2207 fore

263 2248 297 2295 aa
316 2230 700 2314 lorivatesrespondent.
735 2231 821 2296 Vera
835 2235 867 2295 et
878 2230 998 2295 salubri
1009 2231 1232 2296 aestimatione
1241 2231 1340 2295 fidem

317 2322 440 2386 oraculi
449 2343 532 2385 vana
540 2320 687 2405 profecto
698 2342 854 2405 responsa
867 2320 994 2385 eludere
1005 2320 1198 2405 potuissent,
1211 2320 1267 2384 sed
1276 2322 1338 2385 for·
1354 2347 1378 2387 ro

316 2415 403 2495 tuna,
418 2432 499 2495 quos
514 2411 571 2474 uni
586 2409 648 2475 sibi
661 2411 788 2475 eredere
804 2411 920 2496 coligit,
935 2431 1052 2495 magna
1067 2412 1211 2493 exparte
1226 2409 1339 2475 avidos

264 2516 297 2564 30
318 2500 441 2587 gloriae
465 2500 568 2586 magis
593 2522 689 2583 quam
709 2521 841 2583 capaces
865 2499 953 2565 facit.
998 2497 1086 2562 lovis
1109 2499 1212 2585 igitur
1232 2499 1340 2564 filium

317 2612 351 2653 se
381 2611 448 2654 non
478 2588 583 2653 solum
613 2588 769 2672 appellari
797 2611 911 2673 passus
941 2591 1003 2672 est,
1034 2589 1088 2653 sed
1120 2588 1216 2653 etiarn
1244 2588 1342 2653 iussit

317 2701 488 2763 rerumque
512 2681 677 2764 gestarum
699 2678 834 2763 famam,
864 2678 941 2742 dum
965 2699 1082 2764 augere
1105 2678 1176 2742 vult
1204 2679 1263 2742 tali
1287 2701 1340 2762 ap-

266 2786 297 2833 31
318 2769 502 2853 pellatione,
535 2768 688 2852 corrupit.
735 2768 780 2832 Et
811 2767 1017 2851 Macedones,
1050 2768 1174 2831 adsueti
1209 2767 1340 2852 quidem
1355 2793 1379 2834 rs

316 2861 406 2945 regio
436 2858 584 2941 imperio,
614 2856 670 2921 sed
700 2857 733 2920 in
764 2859 886 2922 maiore
907 2857 1070 2921 libertatis
1100 2856 1216 2921 umbra
1242 2878 1340 2941 quam

317 2948 415 3011 ceteri
430 2947 591 3032 degentes,
606 2946 872 3012 inmortalitatem
883 2947 1097 3011 adfectantem
1107 2946 1341 3031 contumacius,

264 3055 297 3102 32
318 3059 414 3121 quam
435 3040 491 3100 aut
507 3036 588 3119 ipsis
603 3036 793 3119 expediebat
813 3040 869 3101 aut
887 3036 966 3121 regi,
985 3038 1122 3102 aversati
1145 3039 1229 3099 sunt.
1277 3034 1341 3101 Sed

315 3127 395 3192 haec
430 3148 489 3189 suo
521 3147 666 3210 quaeque
697 3128 836 3210 tempori
865 3130 1081 3191 reserventur:
1116 3146 1203 3189 nuuc
1233 3128 1341 3190 cetera

317 3215 433 3300 exequi
456 3237 597 3301 pergam.

388 3353 552 3425 lpropius]
576 3354 719 3423 propicius
738 3361 769 3408 v.
861 3355 1036 3425 daccipere]
1062 3354 1189 3424 accipero
1208 3360 1228 3406 P
1246 3371 1282 3409 m.
1292 3371 1339 3423 pr.

316 3433 332 3481 8
351 3427 419 3481 fatis
433 3433 454 3479 P
468 3445 502 3481 m.
514 3443 572 3494 pa:
592 3426 662 3480 satis
678 3431 702 3479 0.
759 3427 949 3481 destinaretur
963 3427 1118 3481 Beothius:
1138 3426 1295 3480 destinaret
1309 3430 1341 3481 Δ.

317 3505 332 3551 9
352 3497 558 3622 adulationem}
578 3498 614 3551 ad
633 3497 771 3551 ultionem
791 3503 810 3551 P
829 3517 863 3552 m.
881 3516 926 3567 pr.
1037 3503 1069 3551 12
1088 3497 1188 3569 ullius]
1211 3496 1290 3552 illius
1309 3502 1341 3552 V.

318 3576 350 3623 17
371 3571 456 3641 esset]
476 3585 536 3623 esse
575 3575 602 3624 P.
674 3575 707 3623 18
727 3587 808 3623 suum
827 3571 934 3625 Lauer:
957 3571 1001 3623 sui
1015 3576 1045 3623 A.
1114 3569 1263 3638 acceptum
1280 3568 1342 3623 fore

316 3643 375 3696 lovi
388 3644 467 3696 vates
486 3641 722 3709 respondentem.
737 3647 767 3694 V.
843 3646 876 3695 19
894 3642 1077 3712 respondent]
1096 3640 1249 3710 respondet
1267 3647 1287 3693 P
1305 3659 1341 3696 m.

315 3731 365 3769 ecc.
380 3719 401 3766 1.
415 3733 449 3769 m.
464 3729 513 3768 sec.
577 3717 611 3765 20
631 3712 743 3767 eludere
763 3714 884 3782 Ieepa'as:
905 3713 928 3767 si
942 3712 1034 3766 uideri
1049 3718 1078 3766 Δ.
1142 3719 1175 3767 27
1191 3713 1279 3767 ceteri
1293 3713 1343 3767 de-

317 3789 415 3855 gentes
432 3785 614 3839 Oornclieseu:
630 3786 822 3854 ceteregentes
837 3790 867 3839 A.
923 3784 1127 3856 adfectantem]
1142 3782 1343 3839 adfectandom

312 3864 334 3908 L
348 3876 382 3910 m.
390 3876 440 3925 pr,
516 3861 550 3910 28
570 3858 621 3908 aut
639 3856 711 3927 regi]
731 3856 808 3909 haud
828 3857 888 3927 regi
901 3861 929 3909 P.
