3150 4459
307 446 348 510 10
684 446 714 510 Q.
735 444 845 498 CURTI
863 444 950 497 nuri

306 631 434 692 quoque
454 608 571 693 omina,
590 612 627 672 ut
644 610 720 692 fere,
739 607 925 673 sollicitudo
945 611 1163 672 revocaverat:
1183 628 1306 673 recense
1350 630 1369 687 r

306 698 387 762 bant
409 698 494 761 enim
518 697 659 762 Dareum
688 698 723 762 in
745 696 906 782 principio
930 697 1059 781 imperii
1082 697 1233 784 vaginam
1260 696 1307 761 aci·

305 788 394 851 nacis
421 787 582 852 Persicam
611 787 742 852 iussisse
769 788 887 851 mutari
918 786 953 851 in
981 809 1050 850 eam
1078 786 1231 871 formam,
1258 808 1307 870 qua
1349 807 1369 846 rr

307 875 421 941 Graeci
445 879 622 961 uterentur,
644 877 858 961 protinusque
882 874 1061 940 Chaldaeos
1084 875 1308 961 interpretatos,
1352 894 1369 934 ῖ4

304 966 475 1050 imperium
493 965 663 1030 Persarum
688 966 728 1029 ad
752 988 807 1031 eos
826 966 1047 1050 transiturum,
1071 987 1211 1049 quorum
1235 988 1309 1030 anna
1327 965 1369 1026 ri

270 1073 285 1121 7
305 1059 388 1120 esset
406 1054 560 1119 imitatus.
608 1054 758 1120 Ceterum
778 1057 848 1139 ipse
868 1058 1029 1119 atratum
1049 1077 1214 1139 responso,
1238 1052 1311 1139 quod
1355 1073 1369 1112 Ιιτί

306 1145 461 1210 edebatur
483 1145 516 1208 in
540 1145 671 1229 vulgus,
700 1149 732 1208 et
756 1141 877 1229 specie,
905 1166 986 1228 quae
1014 1166 1072 1230 per
1095 1166 1246 1209 somnum
1269 1144 1313 1209 ob·
1358 1161 1369 1201 ‘1

304 1234 371 1298 lata
390 1238 468 1318 erat,
491 1234 663 1299 admodum
682 1233 786 1299 laetus
806 1237 911 1298 castra
934 1234 974 1298 ed
992 1233 1182 1319 Euphraten
1202 1233 1315 1299 moveri
1362 1251 1369 1309 ς

305 1324 403 1388 iubet.
1366 1339 1369 1348 '

269 1430 285 1479 8
372 1413 482 1477 Patrio
510 1435 599 1477 more
622 1412 793 1478 Persarum
817 1413 972 1477 traditum
1001 1416 1050 1476 est
1079 1415 1150 1478 orto
1180 1412 1249 1477 sole
1275 1413 1340 1476 del

305 1525 393 1566 mum
423 1502 603 1587 procedere.
660 1502 721 1566 Die
756 1502 819 1566 iam
851 1501 982 1566 inlustri
1013 1502 1142 1587 signum
1174 1525 1190 1567 e
1222 1504 1350 1567 taber-n

304 1592 420 1655 naculo
457 1592 544 1678 regis
586 1591 705 1656 bucina
742 1592 891 1656 dabatur:
938 1613 1034 1675 super
1070 1591 1323 1675 tabernaculum,

304 1682 389 1746 unde
413 1680 453 1744 ab
474 1680 623 1745 omnibus
643 1681 784 1765 conspici
803 1685 922 1765 posset,
946 1682 1054 1767 imago
1074 1680 1150 1744 solis
1171 1682 1323 1765 crystallo

306 1769 431 1834 inclusa
467 1769 622 1856 fulgebat.
688 1769 774 1835 Ordo
813 1774 921 1834 autem
958 1770 1096 1855 agminis
1134 1774 1204 1834 erat
1241 1770 1324 1835 talis.

270 1878 285 1924 9
305 1858 404 1945 Ignis,
420 1881 515 1943 quem
531 1859 594 1943 ipsi
609 1882 734 1924 sacrum
749 1864 782 1924 et
796 1863 961 1925 aeternum
977 1860 1146 1943 vocabant,
1163 1860 1325 1945 argenteis
1339 1883 1359 1924 u

305 1949 462 2013 altaribus
480 1949 727 2033 praeferebatur.
768 1948 859 2036 Magi
877 1948 1176 2032 proximi'patrium
1197 1971 1327 2015 carmen

253 2056 286 2105 ιο
305 2039 471 2103 canebant.
517 2038 631 2125 Magos
646 2038 782 2103 trecenti
802 2042 835 2102 et
850 2038 1017 2123 sexaginta
1032 2040 1174 2122 quinque
1193 2039 1328 2104 iuvenes

307 2128 524 2212 sequebantur
559 2128 705 2212 puniceis
742 2127 890 2192 amiculis
928 2127 1034 2211 velati,
1072 2127 1184 2192 diebus
1222 2129 1329 2193 totius

306 2218 381 2281 anni
404 2239 497 2301 pares
520 2239 668 2282 numero:
697 2217 817 2302 quippe
839 2216 946 2281 Persis
975 2238 1104 2301 quoque
1132 2218 1166 2282 in
1189 2218 1328 2283 totidem

254 2324 286 2372 11
307 2306 375 2370 dies
408 2306 583 2391 discriptus
615 2311 664 2371 est
700 2328 812 2370 annus.
868 2304 1004 2370 Currum
1036 2306 1149 2371 deinde
1177 2305 1247 2370 Iovi
1279 2330 1330 2371 sa·
1345 2333 1368 2372 n

306 2399 430 2460 cretum
445 2396 589 2461 albentes
599 2396 760 2461 vehebant
773 2395 862 2480 equi:
879 2395 938 2459 hos
949 2395 1083 2461 eximiae
1093 2397 1330 2482 magnitudinis

307 2507 423 2569 equus,
453 2508 549 2569 quem
581 2484 666 2550 Solis
698 2484 913 2569 appellabant,
944 2485 1147 2568 sequebatur.
1200 2484 1330 2551 Aureae

305 2576 415 2661 virgae
452 2578 484 2639 et
522 2575 613 2639 albae
650 2578 755 2639 vestes
793 2577 942 2660 regentes
979 2596 1078 2659 equos
1116 2574 1330 2639 adornabant.

253 2682 286 2729 12
305 2663 403 2728 Haud
426 2665 541 2749 procul
564 2668 655 2728 erant
678 2664 827 2728 vehicula
850 2663 958 2728 decem
982 2665 1086 2727 multo
1110 2686 1188 2728 auro
1215 2687 1331 2751 argen-

254 2772 286 2820 13
306 2757 405 2837 toque
433 2754 562 2819 caelata.
619 2752 821 2837 Sequebatur
853 2752 932 2817 haec
960 2752 1122 2837 equitatus
1156 2753 1329 2818 duodecim
1346 2780 1369 2819 a

306 2845 451 2929 gentium
470 2843 568 2908 v'ariis
588 2843 686 2907 armis
705 2846 737 2906 et
755 2843 909 2907 moribus.
955 2842 1101 2907 Proximi
1120 2843 1220 2927 ibant,
1244 2866 1330 2927 quos

305 2933 422 2997 Persae
454 2931 647 2998 Inmortales
680 2936 811 3016 vocant,
844 2932 884 2997 ad
918 2931 1027 2997 decem
1059 2931 1157 2996 milia.
1210 2930 1328 2998 Cultus

378 3133 391 3180 1
413 3127 508 3180 omina
526 3132 546 3179 B
565 3143 647 3181 corn:
667 3125 761 3179 omnia
779 3130 810 3179 Δ.
880 3125 949 3197 fere]
969 3126 1025 3179 fert
1042 3131 1063 3178 B
1082 3143 1149 3181 corr.
1215 3131 1230 3178 6
1251 3129 1329 3195 quod

306 3198 453 3269 edebatur]
473 3215 529 3267 quo
549 3198 704 3251 debebatur
722 3202 742 3249 B
756 3216 847 3266 capr.
949 3203 964 3249 7
984 3198 1124 3268 somnum]
1144 3197 1284 3251 somnium
1300 3206 1328 3252 L.

306 3270 506 3341 Sadmodum]
526 3270 677 3323 addomum
691 3274 722 3322 V.
787 3268 963 3340 Euphraten]
983 3270 1159 3338 heuphraten
1176 3275 1203 3321 Ρ.
1267 3288 1330 3325 mo-

306 3343 363 3395 veri
381 3343 599 3396 Freinshemius:
619 3357 732 3394 mouere
752 3345 781 3393 Δ.
855 3346 887 3393 13
907 3342 1002 3409 posset
1020 3348 1045 3393 1:
1065 3340 1155 3409 possit
1174 3345 1204 3393 A.
1268 3358 1329 3410 cry-

306 3413 403 3484 stallo]
423 3412 547 3467 cristallo
568 3419 592 3467 0.
649 3412 842 3483 refulgebat]
862 3411 1011 3482 fulgebant
1029 3416 1049 3463 B
1068 3430 1102 3466 oa.
1113 3430 1158 3480 pr.
1220 3414 1329 3485 autem]

306 3504 376 3555 quoe
393 3492 524 3539 accuratur
536 3485 619 3539 verba
632 3485 769 3553 usquead
788 3490 803 3549 ξ
820 3490 852 3536 14
867 3484 936 3537 haec
950 3500 1014 3537 vero
1033 3484 1117 3537 turba
1136 3501 1211 3537 nuuc
1229 3485 1330 3539 dearum

306 3559 362 3624 sere
385 3558 479 3611 ornata
497 3558 529 3609 iu
546 3561 569 3607 V
584 3562 697 3625 propter
715 3561 825 3625 partem
842 3556 907 3622 folii
925 3557 1053 3610 avolsam.
1139 3559 1171 3608 16
1190 3555 1328 3629 patrium]

306 3631 420 3697 patrum
438 3634 458 3680 P
477 3646 510 3681 m.
522 3646 567 3696 pr.
624 3633 656 3680 17
676 3627 774 3697 Magos
788 3626 920 3698 trecenti]
937 3644 1019 3697 mago
1034 3626 1092 3681 fere
1112 3626 1187 3680 centi
1201 3632 1221 3678 P
1235 3645 1269 3681 m.
1281 3646 1328 3697 pr.

309 3705 341 3754 18
360 3699 488 3768 puniceis
512 3701 686 3753 Francicus:
713 3698 825 3768 punicis
843 3702 874 3751 Δ.
979 3698 1120 3769 amiculis]
1147 3698 1285 3752 amaculis
1309 3706 1329 3752 Ρ

307 3790 341 3825 m.
352 3790 397 3841 pr.
454 3776 488 3824 20
503 3770 655 3839 discriptus
670 3771 800 3838 Eassuer:
821 3770 977 3838 descriptus
991 3773 1021 3822 A.
1078 3775 1111 3823 22
1131 3768 1327 3843 appellabant]

308 3842 471 3914 apellabant
485 3848 512 3895 Ρ.
586 3848 619 3895 22
639 3841 734 3912 Haud]
753 3842 824 3895 haut
842 3847 869 3893 Ρ.
