3150 4459
449 450 703 505 HISTORIARUM
722 450 936 505 ALEXANDRJ
955 452 1013 518 ΙΙΠ,
1034 457 1075 504 15.
1093 457 1134 504 16.
1243 451 1302 514 101

283 617 358 679 alas.
405 613 538 699 Iamque
561 616 728 680 abundans
752 614 961 679 multitudine
986 616 1087 679 aciem
1112 615 1345 680 circumvebi2

284 709 441 787 coeperat,
463 726 536 768 cum
555 704 726 769 Parmenio
745 705 872 786 equites
892 705 1041 768 nuntiare
1061 705 1151 769 iubet
1169 703 1309 770 Alexan-

284 794 353 876 dro,
380 794 418 858 in
448 816 513 877 quo
544 794 730 858 discrimine
766 795 829 876 ipsi
862 797 982 858 essent:
1017 794 1051 857 ni
1082 798 1206 858 mature
1240 794 1312 858 sub-

284 883 461 965 veniretur,
489 905 556 947 non
583 905 679 967 posse
707 884 779 947 sisti
806 884 927 968 fugam.
974 880 1041 947 Iam
1071 885 1211 947 multum
1240 884 1347 949 viaea

256 977 492 1055 spraeceperat
524 995 581 1037 rex
612 973 773 1036 inminens
807 972 1003 1058 fugientium
1036 974 1150 1058 tergis,
1186 995 1259 1038 cum
1294 995 1312 1035 a

283 1060 497 1126 Parmenione
535 1063 637 1126 tristis
670 1063 804 1126 nuntius
841 1062 940 1125 venit.
1000 1060 1174 1126 Refrenare
1212 1083 1312 1144 equos

285 1152 374 1233 iussi,
408 1152 465 1232 qui
498 1150 712 1233 vehebantur,
749 1172 931 1236 agmenque
968 1152 1114 1215 constitit
1146 1151 1313 1215 frendente

284 1237 483 1322 Alexandm,
508 1241 590 1324 eripi
614 1241 678 1305 sibi
700 1241 870 1307 victoriam
899 1263 916 1304 e
940 1239 1090 1305 manibus
1117 1244 1149 1304 et
1172 1239 1313 1304 Dareum

286 1329 413 1392 felicius
442 1330 555 1414 fugere
584 1352 680 1414 quarn
710 1352 744 1393 se
772 1329 873 1413 sequi.
920 1329 1054 1394 Interim
1084 1330 1124 1393 nd
1147 1328 1348 1395 Mazaeum4

245 1443 272 1481 1c
287 1420 432 1501 superati
468 1420 554 1502 regis
591 1421 678 1482 fama
714 1422 918 1502 pervenerat:
957 1420 1079 1503 itaque,
1117 1441 1312 1502 quamquam

286 1508 425 1570 validior
450 1511 526 1591 erat,
550 1512 659 1572 tamen
681 1508 813 1572 fortuna
834 1508 976 1592 partium
1000 1510 1131 1572 territus
1155 1509 1312 1591 perculsis

283 1597 471 1680 languidius
496 1598 646 1662 instabat.
693 1598 865 1661 Parmenio
890 1598 1062 1683 ignorabat
1085 1597 1216 1680 quidem
1241 1619 1312 1661 cau-

282 1708 352 1748 sam
380 1708 439 1749 sua
468 1690 583 1770 sponte
611 1709 741 1771 pugnae
770 1688 933 1770 remissae,
964 1686 1019 1751 sed
1048 1688 1215 1751 occasione
1242 1687 1311 1749 vin-

283 1774 376 1838 cendi
395 1780 525 1839 strenue
544 1781 594 1840 est
613 1798 700 1840 usus.
748 1776 920 1841 Thessalos
940 1776 1065 1859 equites
1085 1776 1126 1839 ad
1150 1798 1183 1840 se
1202 1775 1311 1841 vocari
1330 1795 1346 1843 5

241 1890 267 1928 15
282 1864 388 1928 iubet:
424 1863 563 1947 ‘Ecquid
595 1866 734 1949 videtis',
767 1867 890 1948 inquit,
924 1865 1031 1948 istos,
1069 1866 1125 1948 qui
1156 1865 1308 1930 ferociter

281 1953 378 2017 modo
403 1953 577 2035 instabant,
600 1953 716 2037 pedem
739 1955 860 2020 referre
883 1954 992 2019 subito
1016 1976 1137 2038 pavore
1160 1955 1310 2039 perterri-

281 2042 353 2106 tos?
377 2042 543 2106 Nimirum
566 2043 661 2107 nobis
682 2066 814 2127 quoque
837 2045 924 2129 regis
944 2045 1048 2108 nostri
1066 2045 1199 2108 fortuna
1221 2044 1308 2107 vicit.

282 2129 399 2194 Omnia
417 2131 588 2195 Persarum
613 2134 708 2197 caede
728 2137 830 2197 strata
855 2137 938 2199 sunt.
985 2132 1069 2208 Quid
1090 2134 1244 2198 cessatis?
1268 2156 1310 2196 an
1329 2151 1345 2198 6

281 2243 321 2284 ne
339 2220 542 2305 fugientibus
562 2222 691 2305 quidem
716 2245 811 2306 pares
830 2222 944 2287 estis'?
990 2222 1077 2288 Vera
1096 2223 1201 2286 dicere
1223 2221 1310 2286 vide

239 2336 267 2374 nc
282 2310 389 2392 batur,
422 2311 455 2373 et
488 2333 560 2393 spes
592 2312 777 2396 languentis
811 2334 940 2395 quoque
974 2316 1131 2380 erexerat:
1169 2312 1309 2376 subditis
1352 2366 1353 2369 ,

281 2399 461 2463 calcaribus
480 2423 659 2484 prorupere
682 2403 717 2465 in
735 2402 873 2466 hostem.
919 2401 964 2466 Et
987 2401 1037 2465 illi
1061 2401 1126 2466 iam
1149 2424 1216 2465 non
1240 2423 1309 2465 sen—

280 2490 351 2570 sim,
375 2488 430 2552 sed
455 2490 553 2554 citato
578 2490 681 2575 gradu
699 2491 901 2572 recedebant,
924 2514 985 2557 nec
1005 2492 1178 2574 quicquam
1202 2490 1308 2575 fugae,

279 2578 342 2639 nisi
373 2578 459 2659 quod
483 2578 628 2642 nondum
656 2583 748 2664 terga
772 2585 943 2665 verterant,
973 2581 1088 2645 deerat.
1135 2579 1307 2643 Parmenio

280 2670 389 2730 tamen
409 2668 552 2752 ignarus,
576 2690 732 2751 quaenam
759 2671 794 2734 in
814 2669 926 2734 dextro
948 2692 1048 2734 cornu
1067 2670 1199 2733 fortuna
1222 2669 1308 2754 regis

239 2781 264 2821 aa
281 2760 373 2839 esset,
397 2759 550 2839 repressit
569 2779 654 2822 suos.
701 2757 852 2823 Mazaeus
872 2760 948 2822 dato
969 2781 1097 2844 pugnae
1118 2758 1223 2843 spatio
1243 2779 1308 2821 non
1328 2774 1343 2823 ‘1

279 2849 369 2909 recto
403 2846 533 2929 itinere,
566 2847 622 2911 sed
655 2849 777 2912 maiore
811 2852 843 2911 et
876 2848 917 2912 cb
951 2848 983 2911 id
1016 2849 1136 2911 tutiore
1171 2848 1309 2911 circuitu

353 3062 365 3108 1
388 3056 548 3128 abundans]
568 3056 738 3111 habundans
753 3064 781 3111 Ρ.
856 3059 945 3112 aciem
964 3065 990 3111 1:
1011 3059 1071 3112 acie
1086 3063 1117 3111 A.
1195 3063 1211 3109 2
1231 3057 1327 3127 cum]

278 3131 338 3180 tum
358 3134 427 3181 Pm.
438 3146 484 3197 pr.
571 3128 731 3200 Parmenio]
750 3131 915 3198 permeenio
935 3136 1015 3183 LPV.
1089 3129 1180 3199 iubet]
1199 3128 1260 3181 ibet
1278 3134 1306 3180 t.

278 3200 388 3269 dsisti]
409 3200 478 3254 siste
496 3205 516 3252 P
531 3218 565 3254 m.
575 3218 621 3269 pr.
700 3200 798 3271 fugam
817 3208 843 3254 1:
867 3202 936 3271 fuga
956 3206 986 3254 Δ.
1070 3200 1306 3270 6Parmenione]

277 3271 478 3338 parmoenicne
497 3277 604 3324 ΗΠ.
665 3277 681 3325 8
704 3272 771 3343 sibi]
792 3272 815 3326 si
834 3279 865 3325 V.
926 3278 941 3326 9
960 3273 1084 3344 felicius]
1104 3272 1205 3325 filicius
1224 3277 1252 3323 Ρ.

277 3342 425 3394 Mazaeum
439 3344 544 3396 Aldus:
559 3358 687 3396 mazeum
702 3348 732 3396 Δ.
789 3350 822 3396 12
838 3344 985 3398 Parmenio
1001 3350 1026 3398 1:
1041 3342 1206 3413 parmoenio
1221 3348 1251 3395 Δ.

278 3414 404 3483 causam]
419 3421 547 3467 causal’.
631 3421 664 3467 13
678 3416 806 3486 pugnae]
824 3434 921 3486 pugna
940 3422 1008 3470 Pm.
1019 3434 1066 3486 pr.
1147 3415 1306 3485 occasione]

276 3485 407 3538 caesione
422 3491 452 3537 V.
518 3491 551 3539 15
570 3485 693 3557 Ecquid]
713 3486 812 3554 etquid
826 3493 881 3553 FP,
900 3487 1024 3555 hecquid
1043 3493 1071 3540 L.
1135 3486 1242 3557 inquit]
1262 3486 1306 3537 in-

276 3556 345 3623 quid
365 3563 392 3608 L.
472 3562 506 3610 18
525 3558 627 3628 strata]
647 3560 752 3611 stracta
765 3563 848 3611 BLV.
923 3565 957 3612 20
976 3558 1139 3628 languentis
1160 3564 1180 3609 P
1199 3576 1233 3612 m.
1244 3575 1305 3627 pn:

276 3628 444 3699 languentes
464 3635 490 3680 c.
580 3630 719 3701 erexerat]
744 3632 873 3683 erexerat
891 3636 959 3683 Pm.
971 3649 1016 3699 pr.
1100 3636 1132 3682 21
1152 3645 1306 3697 prorupere

278 3700 448 3753 Gronovius:
468 3716 602 3768 proruere
620 3705 651 3752 Δ.
717 3700 832 3772 sensim]
853 3701 966 3754 semsim
985 3707 1013 3754 1..
1070 3700 1305 3770 antecedebant]

274 3770 410 3823 necabant
430 3776 457 3823 P.
546 3778 580 3825 23
599 3771 760 3843 Parmenio]
783 3773 947 3840 parmcenio
972 3777 1027 3825 BF.
1112 3777 1145 3824 25
1173 3771 1306 3839 Mazaeus

274 3843 379 3896 Aldus:
405 3860 517 3897 mazeus
532 3848 562 3895 Δ.
637 3843 742 3914 spatio]
761 3844 857 3911 spacio
876 3849 904 3897 P.
