3150 4459
310 428 350 494 16
500 463 502 465 ·
688 431 718 497 Q.
738 430 848 485 ouum
866 429 952 484 uum

308 593 476 658 hostilium
500 615 662 658 armorum
682 594 833 660 exaudire
856 593 937 659 mihi
961 593 1071 659 videor
1095 599 1136 679 et,
1162 594 1220 679 qui
1244 593 1319 660 ultro

254 697 287 745 12
307 682 402 747 intuli
432 682 565 763 bellum,
594 683 658 747 iam
686 706 853 767 provocor.
900 683 1023 749 Dareus
1052 706 1129 770 ergo
1161 706 1236 749 cum
1262 686 1319 747 tan

308 772 462 856 superbas
486 772 612 836 litteras
636 774 799 858 scriberet,
818 774 982 838 fortunam
1005 795 1109 838 meam
1132 774 1168 837 in
1193 772 1319 839 consilio

306 862 434 946 habuit,
466 862 522 927 sed
549 863 758 947 nequiquam,
791 862 818 926 ai
848 862 928 927 mihi
956 863 1090 928 arbitrio
1118 884 1194 928 meo
1223 861 1319 928 curari

254 965 287 1013 13
306 952 390 1016 licet.
436 950 539 1015 Lenta
556 951 697 1015 remedia
721 956 753 1016 et
773 973 887 1037 segnes
906 952 1048 1017 medicos
1068 973 1135 1016 non
1154 955 1343 1037 expectanti

306 1045 453 1124 tempora
467 1062 551 1105 mea:
571 1041 622 1104 vel
641 1041 723 1106 mori
739 1045 869 1105 strenue
884 1064 982 1125 quam
994 1041 1086 1107 tarde
1102 1043 1318 1108 convalescere

306 1130 388 1193 mihi
411 1129 527 1194 melius
551 1135 608 1195 est.
656 1130 804 1215 Proinde,
830 1131 858 1195 si
882 1130 960 1214 quid
983 1132 1064 1215 opis,
1092 1132 1225 1215 siquid
1249 1130 1319 1197 artis

307 1220 340 1283 in
364 1219 497 1284 medicis
521 1224 579 1305 est,
608 1220 711 1285 sciant
733 1243 784 1285 me
808 1241 874 1284 non
897 1225 965 1285 tam
988 1221 1104 1285 mortis
1128 1242 1227 1304 quam
1250 1219 1318 1285 belli

256 1323 287 1370 14
306 1309 483 1374 remedium
521 1310 693 1393 quaerere'.
752 1309 920 1395 Ingentem
960 1310 1109 1374 omnibus
1147 1310 1318 1375 incusserat

307 1421 415 1463 curam
435 1402 502 1463 tam
521 1420 673 1483 praeceps
688 1400 854 1463 temeritas
874 1398 952 1463 eius.
998 1399 1086 1486 Ergo
1105 1420 1166 1483 pro
1188 1421 1222 1464 se
1242 1399 1344 1483 quis-u

307 1510 369 1571 que
387 1488 511 1572 precari
531 1509 672 1572 coepere,
695 1511 735 1553 ne
754 1488 962 1553 festinatione
980 1487 1161 1572 periculum
1185 1491 1318 1575 augeret,

254 1590 286 1637 15
306 1578 362 1641 sed
389 1581 474 1642 esset
501 1578 535 1641 in
563 1581 723 1662 potestate
750 1578 962 1643 medentium:
991 1578 1158 1662 inexperta
1186 1577 1319 1642 remedia

305 1666 393 1730 haud
412 1667 528 1731 iniuria
548 1666 627 1750 ipsis
647 1688 717 1731 esse
736 1670 893 1751 suspecta,
912 1689 985 1731 cum
1005 1667 1045 1731 ad
1062 1666 1239 1751 perniciem
1259 1666 1318 1731 eius

254 1768 286 1815 16
307 1757 403 1820 etiam
419 1779 438 1820 a
450 1758 552 1821 latere
566 1756 669 1840 ipsius
683 1758 820 1841 pecunia
835 1756 1025 1821 sollicitaret
1038 1756 1153 1821 hostis.
1201 1754 1319 1840 Quippe

306 1845 430 1910 Dareus
454 1844 543 1909 mille
561 1845 684 1909 talenta
702 1845 902 1910 interfectori
922 1844 1098 1909 Alexandri
1117 1845 1269 1910 daturum
1291 1865 1319 1909 se
1329 1866 1359 1914 ιι,

306 1935 510 2019 pronuntiari
525 1936 670 1999 iusserat.
707 1933 822 2019 Itaque
839 1957 880 2000 ne
899 1956 1052 1998 ausurum
1068 1934 1197 2019 quidem
1219 1957 1319 2020 quem·

307 2047 403 2109 quam
427 2024 511 2088 arbit
511 2024 666 2088 rebantur
628 2024 834 2109 urexperiri
857 2024 1048 2107 remedium,
1078 2024 1166 2108 quod
1192 2028 1290 2146 propt
1291 2044 1320 2086 er

306 2115 483 2178 novitatem
507 2118 617 2197 posset
640 2134 709 2178 esse
733 2117 927 2198 suspectum
1357 2127 1359 2136 '

261 2204 299 2259 VI
373 2202 454 2266 Erat
481 2204 566 2267 inter
597 2202 723 2267 nobiles
756 2203 898 2268 medicos
931 2224 969 2266 ex
998 2201 1187 2267 Macedonia
1218 2200 1353 2289 regemll

307 2296 434 2358 secutos
465 2291 651 2376 Philippus,
680 2294 812 2357 natione
843 2294 1005 2371 Acarnan,
1036 2291 1120 2355 fidus
1151 2291 1347 2358 admodumu

306 2382 389 2468 regi:
408 2404 508 2465 puero
529 2404 635 2445 comes
656 2386 687 2446 et
706 2387 815 2447 custos
831 2382 946 2446 salutis
962 2381 1055 2445 datus
1074 2401 1141 2444 non
1160 2386 1197 2445 ut
1216 2402 1319 2467 regem

306 2471 412 2557 modu,
437 2471 491 2535 sed
511 2473 607 2535 etiam
626 2475 663 2535 ut
683 2471 850 2536 alumnum
870 2470 986 2535 eximia
1007 2470 1140 2534 caritate
1160 2470 1320 2558 diligebat.

271 2558 338 2624 als
366 2582 432 2624 non
459 2582 612 2645 praeceps
641 2583 688 2642 se,
716 2561 771 2625 sed
800 2565 966 2625 strenuum
995 2558 1171 2624 remedium
1201 2561 1321 2626 adferre

305 2653 494 2733 tantamque
513 2650 578 2714 vim
599 2650 703 2714 morbi
722 2650 855 2734 potione
873 2650 1033 2715 medicata
1051 2649 1234 2714 levaturum
1258 2670 1321 2715 esse

306 2739 465 2823 promisit.
502 2738 595 2804 Nulli
609 2742 806 2823 promissum
821 2741 890 2804 eius
904 2739 1052 2823 placebat
1066 2742 1192 2821 praeter
1208 2739 1321 2822 ipsum,
1332 2759 1351 2800 ιι

271 2829 397 2893 acuius
430 2828 574 2912 periculo
607 2828 831 2912 pollicebatur.
897 2826 1013 2892 Omnia
1046 2828 1165 2912 quippe
1197 2828 1322 2893 facilius

308 2941 405 3002 quam
429 2940 552 2983 moram
576 2918 700 3003 perpeti
724 2923 864 3002 poterat:
888 2940 976 2981 arma
1001 2921 1033 2981 et
1057 2918 1140 2981 acies
1164 2918 1198 2980 in
1213 2918 1322 2983 >oculis

239 3082 241 3085 y
307 3011 408 3088 erant,
432 3011 463 3071 et
483 3008 653 3072 victoriam
677 3008 710 3070 in
734 3029 772 3072 eo
791 3008 932 3091 positam
956 3028 1025 3070 esse
1044 3006 1275 3090 arbitrabatur,
1298 3006 1323 3071 si

306 3100 433 3161 tantum
452 3101 525 3161 ante
545 3099 638 3184 signa
657 3101 742 3161 stare
760 3098 930 3181 potuisset,
953 3096 986 3160 id
1004 3097 1121 3179 ipsum,
1145 3097 1233 3180 quod
1252 3099 1324 3181 post

306 3186 390 3252 diem
424 3188 556 3251 tertium
584 3186 854 3251 medicamentum
882 3190 1068 3268 sumpturus
1097 3188 1181 3251 esset
1209 3224 1252 3233 -
1280 3187 1325 3249 ita
1336 3204 1356 3246 u

270 3293 286 3340 4
307 3276 392 3341 enim
411 3276 558 3351 medicus
577 3277 780 3360 praedixerat
800 3314 842 3322 —
862 3297 956 3362 aegre
975 3274 1088 3340 ferens.
1135 3272 1224 3339 Inter
1247 3275 1325 3340 haec

306 3388 325 3428 a
343 3364 564 3450 Parmenione,
587 3366 745 3430 fidissimo
765 3368 1026 3449 purpuratorum,
1049 3364 1175 3429 litteras
1198 3364 1324 3449 accipit,

379 3620 412 3667 13
430 3613 520 3685 haud]
539 3616 589 3667 aut
606 3619 626 3665 P
645 3632 678 3667 m.
690 3632 735 3684 pr.
812 3619 844 3667 18
862 3614 969 3684 posset]
988 3612 1079 3682 possit
1092 3618 1120 3665 Ρ.
1195 3617 1229 3666 20
1249 3628 1326 3666 secu-

305 3689 350 3740 tos
366 3688 480 3739 Mentor:
496 3686 608 3739 secutus
624 3690 653 3739 A.
709 3687 839 3739 Acarnan
857 3685 977 3739 Giuatu:
993 3701 1114 3738 arcanan
1129 3689 1158 3737 Δ.
1215 3689 1249 3736 24
1264 3686 1326 3737 tan-

305 3758 431 3883 qqpqlquq]
446 3758 621 3824 tamtumque
635 3762 663 3809 P.
720 3762 753 3810 32
767 3756 962 3828 Parmenione]
977 3755 1157 3824 parmenione
1171 3760 1202 3822 V,
1217 3771 1328 3824 parme-
