3150 4459
307 440 372 505 376
685 438 717 505 Q.
736 437 847 494 GURTI
864 440 951 495 RUFI

305 624 439 689 prorsus
462 607 511 669 ast
532 602 683 687 suboles,'
706 603 824 688 inquit,
848 604 944 687 ‘quaa
962 602 1181 669 Macedonum
1202 602 1347 688 imperet

306 692 409 778 genti,
437 692 588 758 Roxanes
612 692 664 756 vel
686 692 838 758 Barsines
862 693 964 777 filius,
996 692 1088 756 cuius
1111 713 1239 757 nomen
1266 715 1346 777 quo

307 804 369 865 que
392 781 556 867 Europam
581 781 703 847 discere
725 781 853 867 pigebit
875 781 996 847 maiore
1020 784 1177 865 exparte
1202 782 1345 866 captivi!

253 888 287 937 14
305 871 382 956 Est,
405 893 463 935 cur
485 870 600 935 Persas
623 871 811 953 vicerimus,
834 875 871 934 ut
893 872 987 955 stirpi
1011 892 1122 935 eorum
1145 870 1346 955 serviamus,

306 960 393 1043 quod
425 960 503 1024 iusti
536 960 584 1025 illi
612 983 718 1046 reges,
749 960 874 1023 Dareus
902 964 935 1023 et
960 959 1092 1041 Xerxes,
1124 962 1178 1024 tot
1209 960 1377 1027 miliums

305 1048 490 1135 agminibus
520 1050 683 1133 tantisque
713 1048 872 1113 classibus
901 1050 1099 1133 nequiquam
1122 1049 1345 1133 petiverunt?

254 1156 286 1204 lo
305 1138 379 1203 Mea
402 1138 561 1202 sententia
583 1138 663 1204 haec
686 1141 744 1221 est,
766 1142 804 1202 ut
828 1138 901 1201 sede
918 1137 1094 1202 Alexandri
1113 1137 1148 1200 in
1167 1138 1267 1224 regia
1285 1160 1345 1224 po

306 1229 383 1312 sita,
412 1229 469 1310 qui
492 1227 635 1292 consiliis
660 1227 728 1291 eius
753 1227 1001 1310 adhibebantur,
1030 1229 1157 1310 coeant,
1183 1229 1345 1310 quotiens

306 1317 341 1381 in
363 1338 532 1382 commune
555 1317 705 1381 consulto
729 1337 812 1400 opus
834 1316 946 1400 fuerit,
974 1336 1089 1400 eoque,
1118 1316 1209 1399 quod
1232 1318 1345 1382 maior

306 1428 379 1489 pars
410 1427 521 1470 eorum
550 1405 737 1489 decreverit,
769 1409 887 1488 statur,
919 1405 1014 1471 duces
1037 1404 1265 1489 praefectique
1292 1428 1376 1473 corr

253 1511 286 1559 16
306 1494 432 1579 piarum
464 1493 516 1557 his
547 1493 702 1578 pareant'
763 1492 951 1559 Ptolomaeo
985 1493 1130 1578 quidam,
1161 1495 1343 1578 pauciores

305 1582 477 1648 Perdiccae
509 1583 782 1648 adsentiebantur.
836 1582 916 1651 Tum
950 1581 1125 1647 Aristonus
1158 1603 1256 1648 orsus
1293 1588 1344 1649 est

306 1671 420 1756 dicere,
443 1670 664 1754 Alexandrum
688 1672 881 1755 consultum,
900 1672 952 1736 cui
973 1672 1170 1755 relinqueret
1189 1694 1343 1759 regnum,

305 1762 447 1827 voluisse
466 1762 625 1845 optimum
645 1761 756 1847 deligi:
776 1761 954 1825 iudicatum
973 1765 1079 1826 autem
1098 1760 1139 1824 ab
1159 1761 1234 1845 ipso
1253 1762 1343 1846 opti·

254 1867 286 1915 17
305 1874 392 1915 mum
417 1850 612 1934 Perdiccam,
638 1851 689 1915 cui
714 1851 846 1915 anulum
870 1850 1062 1914 tradidisset.
1108 1847 1228 1933 Neque
1251 1853 1375 1918 anima

304 1962 405 2003 unum
429 1961 503 2003 eum
522 1940 682 2005 adsedisse
701 1940 864 2023 morienti,
887 1939 943 2003 sed
961 1939 1241 2004 circumferentem
1263 1962 1341 2006 ocu·

305 2028 355 2094 los
379 2050 417 2091 ex
438 2028 533 2092 turba
552 2031 728 2094 amicorum
748 2028 915 2115 delegisse,
938 2029 990 2093 cui
1008 2028 1159 2093 traderet.
1203 2028 1341 2094 Placere

255 2132 286 2181 18
305 2118 416 2202 igitur,
440 2140 596 2182 summam
621 2118 748 2201 imperii
767 2118 808 2181 ad
821 2117 1006 2183 Perdiccam
1026 2116 1152 2181 deferri.
1188 2115 1225 2181 N
1225 2139 1263 2183 ec
1284 2118 1341 2183 du·

306 2206 422 2290 bitare,
453 2208 532 2290 quin
560 2229 635 2271 vera
658 2211 809 2271 censeret.
856 2205 970 2289 ltaque
993 2207 1135 2271 universi
1159 2208 1340 2289 procedere

306 2296 340 2359 in
363 2295 505 2359 medium
519 2295 705 2360 Perdiccam
727 2300 759 2360 et
777 2296 864 2381 regis
883 2295 1015 2359 anulum
1035 2298 1149 2360 tollere
1168 2294 1339 2361 iubebant.
1352 2322 1374 2363 a

306 2383 469 2454 Haerebat
492 2384 577 2448 inter
600 2384 811 2469 cupiditatem
835 2385 1055 2470 pudoremque
1077 2387 1117 2468 et,
1142 2386 1339 2467 quomode

306 2474 402 2558 stius,
426 2473 513 2557 quod
536 2474 716 2558 spectabat,
740 2474 918 2558 adpeteret,
941 2474 1140 2559 pervicacius
1164 2473 1338 2540 oblaturos

254 2577 286 2626 19
306 2584 376 2626 0000
407 2563 563 2627 credebat.
610 2560 723 2645 Itaque
751 2567 921 2628 cunctatus
945 2563 1078 2646 diuque,
1111 2561 1189 2645 quid
1214 2568 1338 2649 ageret,

306 2651 448 2716 incertus
479 2652 519 2715 ad
549 2651 700 2716 ultimum
728 2656 838 2716 tamen
866 2654 998 2717 recessit
1021 2655 1053 2715 et
1076 2654 1151 2735 post
1174 2672 1246 2736 eos,
1279 2654 1338 2736 qui
1351 2678 1373 2718 0

252 2757 286 2805 ao
307 2741 375 2805 sedi
394 2745 485 2805 erant
503 2741 654 2824 proximi,
672 2740 828 2805 constitit.
874 2739 920 2805 At
943 2741 1114 2825 Meleager,
1138 2761 1221 2803 unus
1242 2763 1259 2806 a
1280 2741 1337 2806 du·
1350 2745 1381 2801 21

380 2906 393 2951 1
419 2897 530 2952 suboles
554 2903 574 2950 B
597 2916 631 2953 m.
651 2916 714 2953 aec:
744 2897 854 2951 soboles
879 2903 909 2951 A.
1007 2904 1022 2950 2
1047 2896 1178 2951 Barsines
1202 2898 1335 2953 Mediae:

306 2969 418 3023 barsina
436 2976 497 3035 PV,
516 2969 647 3023 barsinae
662 2974 741 3023 BPI..
808 2975 823 3024 8
844 2970 951 3023 discere
966 2970 1114 3024 Heinsius:
1135 2967 1229 3021 dicere
1248 2974 1279 3024 A.

306 3041 424 3111 maiore]
448 3057 563 3111 magore
586 3046 614 3094 L.
706 3047 722 3093 ὁ
748 3040 854 3094 Xerxes
877 3044 899 3092 B
920 3059 954 3094 m.
969 3059 1030 3111 pr:
1054 3056 1148 3093 xerses
1171 3043 1192 3091 B
1215 3056 1286 3095 corr.
1307 3047 1337 3108 1.,

307 3128 416 3167 exorsos
435 3118 493 3179 Pv,
512 3118 664 3166 0001000ΙῖΙ
740 3118 754 3164 7
774 3113 805 3165 in
819 3112 899 3182 regia
912 3112 1018 3183 posita]
1034 3114 1065 3165 ut
1078 3110 1158 3181 regia
1173 3111 1288 3179 aposita
1306 3117 1336 3165 Ρ.

307 3182 561 3252 8adhibebantur]
583 3181 772 3237 adhibeantur
789 3189 818 3237 P.
911 3189 944 3236 10
964 3182 1118 3237 decreverit
1149 3182 1337 3237 decreuerunt

306 3262 375 3309 Pm.
387 3273 432 3323 pr.
525 3261 556 3308 11
577 3254 740 3309 Ptolomaeo
758 3256 870 3324 arripiat:
890 3254 1053 3324 ptholomeo
1072 3258 1096 3305 A
1126 3252 1271 3322 ptolomeo
1289 3254 1335 3326 V]

308 3331 341 3380 13
360 3326 543 3396 relinqueret]
563 3325 716 3395 reliqueret
729 3331 750 3377 1.
764 3343 798 3379 m.
810 3344 856 3395 pr.
871 3332 899 3379 P.
975 3332 1008 3379 14
1028 3324 1127 3395 deligi]
1147 3323 1231 3395 diligi
1249 3330 1280 3379 P.

307 3398 381 3468 ipso]
405 3397 469 3466 ipsa
487 3403 515 3449 Ρ.
597 3402 630 3451 10
650 3396 777 3467 anulum]
799 3396 933 3450 annulum
948 3402 968 3449 L
983 3416 1016 3450 m.
1029 3414 1074 3465 pr.
1162 3400 1195 3449 16
1215 3395 1335 3450 circum-

306 3469 443 3523 ferentem
465 3468 585 3523 Girmto:
610 3468 819 3523 circumferenti
838 3473 868 3522 A.
944 3474 976 3522 17
997 3466 1148 3538 delegisse]
1163 3466 1293 3536 diligisse
1304 3473 1334 3521 P.

309 3546 342 3594 18
361 3539 535 3611 Perdiccam]
555 3540 700 3608 perdicam
717 3546 745 3592 1..
820 3544 854 3593 20
873 3538 1022 3611 iubebant]
1042 3536 1178 3592 iuuabunt
1196 3543 1217 3591 Ρ
1235 3556 1272 3594 aa
1286 3556 1334 3608 pr.

307 3617 340 3665 21
360 3612 554 3680 pudoremque
585 3612 776 3680 podoremque
792 3616 812 3663 B
831 3630 865 3664 ru.
873 3629 915 3681 pr.
966 3610 1334 3733 modestiushmodoeius

308 3682 553 3755 [tamodoestius
576 3688 604 3737 P.
661 3688 694 3736 22
710 3682 860 3751 spectabat
877 3684 988 3751 compsi:
1010 3684 1126 3751 expecta
1147 3684 1178 3735 at
1196 3686 1226 3735 A.
1285 3682 1336 3735 ad-

306 3754 428 3824 peteret]
443 3756 584 3822 atpeteret
601 3759 630 3807 Ρ.
697 3754 884 3825 pervicacius]
903 3753 1077 3822 peruicatius
1091 3758 1147 3805 Pv.
1222 3758 1257 3807 26
1273 3753 1335 3808 sedi

308 3828 388 3880 erant
407 3826 559 3879 Kiochiua:
579 3825 711 3879 sederant
729 3830 759 3878 A.
833 3826 883 3893 At]
902 3825 936 3877 ad
956 3831 984 3876 Ρ.
