3150 4459
319 435 385 497 230
698 433 729 499 Q.
750 433 860 489 GURTI
878 434 965 487 RUFI

318 596 433 681 Itaque
456 597 653 682 Meleagrum
683 602 716 662 et
738 597 912 662 Perdiccan
936 598 971 661 in
995 598 1200 661 obsidionem
1227 598 1348 683 iungit:

318 689 385 768 ipsc
407 689 451 751 ud
470 686 635 751 Craterum
652 689 758 769 perpit
771 685 969 771 Cyropolim,
992 691 1123 751 utente
1143 688 1272 751 dictum
1293 692 1349 770 est,

265 794 300 841 10
319 775 529 840 obsidentem.
577 775 741 841 Statuerat
764 780 872 841 autem
900 799 1030 860 parcere
1053 776 1127 840 urbi
1152 776 1309 842 conditae
1332 801 1349 842 a

314 863 422 948 Cyro:
456 865 577 950 quippe
604 888 670 930 non
698 868 798 930 alium
826 868 971 949 gentium
1003 865 1131 929 illarum
1163 868 1273 951 magis
1298 867 1349 931 ad-

318 956 454 1018 miratus
478 959 527 1019 est
555 977 651 1038 quam
675 954 761 1020 hunc
788 978 898 1041 regem
922 958 955 1018 et
979 953 1180 1036 Samiramin,
1207 978 1294 1038 quos
1319 961 1351 1021 et
1377 984 1387 1022 1

319 1044 542 1130 magnitudine
567 1044 666 1107 animi
691 1049 723 1108 et
753 1045 899 1108 claritate
923 1067 1030 1108 rerum
1053 1046 1149 1129 longe
1173 1045 1351 1110 emicuisse

217 1153 220 1158 ’
266 1151 299 1197 11
321 1133 480 1198 credebat.
528 1132 678 1198 Ceterum
706 1135 884 1217 pertinacia
907 1133 1142 1218 oppidanorum
1167 1134 1252 1197 iram
1279 1136 1351 1199 eius

319 1222 478 1287 accendit:
506 1224 616 1306 itaque
644 1228 772 1306 captam
801 1223 913 1287 urbem
943 1223 1036 1306 diripi
1072 1222 1174 1286 iussit.
1230 1222 1353 1288 Deleta

319 1334 356 1375 ea
379 1312 573 1376 Memacenis
605 1312 691 1375 haud
717 1312 837 1377 iniuria
865 1313 1000 1376 infestus
1024 1312 1064 1375 ad
1088 1310 1293 1397 Meleagrum
1321 1319 1353 1377 et

266 1419 298 1466 11
318 1400 502 1465 Perdiccam
535 1401 626 1464 redit.
674 1400 737 1464 Sed
763 1423 830 1465 non
863 1401 925 1466 alia
953 1402 1030 1466 urbs
1058 1400 1174 1465 fortius
1204 1401 1390 1468 obsidio-10

318 1511 393 1553 nem
416 1491 505 1554 tulit:
530 1491 650 1574 quippe
674 1494 705 1554 et
724 1491 865 1555 militum
885 1489 1121 1575 promptissimi
1145 1490 1295 1555 cecidere
1320 1498 1353 1556 et

319 1579 389 1662 ipse
412 1601 469 1642 rex
493 1579 533 1643 ad
556 1580 707 1643 ultimum
727 1581 905 1663 periculum
929 1581 1026 1645 venit.
1059 1578 1212 1663 Namque
1237 1584 1353 1646 cervix

320 1670 388 1731 eius
413 1690 490 1732 saxo
514 1669 561 1733 ita
583 1669 648 1731 icta
671 1673 734 1754 est,
761 1674 798 1734 ut
822 1669 926 1736 oculis
950 1669 1088 1755 caligine
1112 1669 1216 1732 offusa
1240 1670 1353 1735 conla-

319 1757 463 1842 beretur,
495 1777 536 1822 ne
569 1759 685 1822 mentis
721 1760 850 1842 quidem
884 1781 1028 1842 compos:
1062 1759 1221 1824 exercitus
1263 1764 1352 1824 certe

266 1866 301 1913 13
320 1846 409 1910 velut
439 1851 550 1930 erepto
575 1848 639 1910 iam
663 1869 700 1911 eo
724 1848 892 1934 ingemuit.
940 1846 1003 1912 Sed
1026 1848 1166 1912 invictus
1190 1848 1352 1914 adversus
1367 1878 1389 1916 15

321 1957 371 2018 ea,
411 1957 491 2018 quae
520 1940 642 2000 ceteros
671 1941 806 2020 terrent,
838 1938 981 2002 nondum
1010 1941 1180 2021 percurato
1212 1940 1352 2004 vulnere

320 2026 426 2088 acrius
450 2025 610 2090 obsidioni
633 2026 754 2091 institit
776 2027 957 2091 naturalem
978 2026 1174 2090 celeritatem
1199 2027 1248 2091 ira
1275 2049 1351 2093 con-

321 2114 449 2179 citante.
497 2113 652 2179 Cuniculo
681 2139 758 2203 ergo
788 2116 925 2181 suffossa
952 2117 1080 2180 moenia
1107 2116 1222 2200 ingens
1246 2119 1352 2182 nuda·

320 2225 395 2266 vere
419 2204 569 2287 spatium,
592 2226 650 2287 per
669 2206 755 2288 quod
779 2207 912 2290 inrupit,
937 2206 1102 2288 victorque
1123 2205 1235 2268 urbem
1261 2207 1351 2272 dirui

321 2292 424 2357 iussit.
1366 2325 1390 2363 1ο

268 2400 302 2447 14
389 2380 474 2445 Η110
496 2382 719 2448 Menedemum
748 2407 822 2449 cum
851 2385 954 2449 tribus
986 2383 1117 2448 milibus
1141 2382 1291 2467 peditum
1318 2390 1351 2449 et
1366 2394 1395 2447 11

321 2486 413 2533 Dccc
432 2471 595 2553 equitibus
614 2474 654 2537 ad
673 2475 784 2539 urbem
799 2473 992 2538 Maracanda
1010 2473 1107 2538 misit.
1141 2472 1350 2557 Spitamenes

321 2560 489 2643 transfuga
525 2564 686 2645 praesidio
719 2563 932 2642 Macedonum
969 2563 1042 2627 inde
1080 2563 1203 2627 deiecto
1243 2564 1350 2628 muris

321 2649 411 2712 urbis
435 2650 503 2713 eius
527 2652 700 2718 incluserat
728 2676 761 2717 se
784 2676 850 2718 non
874 2652 952 2716 adeo
977 2652 1146 2737 oppidanis
1171 2651 1350 2717 consilium

395 2838 408 2885 1
428 2833 584 2888 Perdiccan
604 2831 756 2885 Kiucbius:
775 2828 911 2897 perdican
929 2833 962 2895 Ρ,
981 2830 1142 2897 perdiccam
1161 2834 1186 2880 0.
1272 2829 1350 2883 obsi-

321 2904 446 2976 dionem]
466 2903 613 2959 obsidione
632 2908 662 2955 V.
754 2900 859 2969 iungit:
884 2902 955 2968 lpse
978 2902 1020 2954 ud
1040 2900 1215 2956 Gruterum
1229 2904 1351 2971 perpet

320 2977 431 3045 scripsi:
452 2976 546 3047 iungit
565 2978 595 3026 1.
651 2979 666 3025 2
687 2972 859 3042 Cyropolim]
880 2970 1027 3040 ciropolrm
1046 2978 1071 3024 (1
1131 2976 1146 3022 3
1166 2970 1350 3027 obsidentem

322 3049 510 3103 Mactretlius:
537 3046 698 3101 obsidentes
717 3049 747 3096 Δ.
858 3061 875 3096 1
894 3042 977 3114 Cyro]
997 3061 1064 3112 agro
1083 3049 1111 3096 P.
1221 3042 1349 3115 ahunc]

321 3118 388 3172 hinc
407 3124 453 3171 BF
467 3139 502 3174 m.
513 3137 558 3189 pr.
574 3123 604 3172 V,
692 3133 762 3185 quos
781 3116 822 3186 et]
842 3132 912 3183 quos
931 3115 968 3168 ad
987 3120 1016 3167 V.
1100 3113 1349 3187 amagnitudine]

321 3189 547 3261 magnitudinem
565 3198 591 3243 0.
680 3194 693 3241 7
714 3185 883 3257 pertinacia]
903 3185 1057 3255 pertinatia
1075 3190 1154 3238 ΕΠ.
1261 3185 1349 3259 iram]

321 3262 364 3316 ira
382 3268 410 3314 P.
467 3269 483 3317 8
503 3261 646 3332 accendit]
665 3258 795 3313 ascendit
812 3264 842 3311 V.
903 3257 1003 3312 Deleta
1023 3274 1056 3311 ea
1074 3257 1184 3325 scripsi:
1206 3255 1348 3313 deletes.

322 3330 951 3389 111111111111111111111111111111.
1024 3329 1113 3399 haud]
1133 3329 1183 3381 aut
1201 3333 1228 3381 P.
1306 3331 1349 3383 in-

321 3407 409 3459 festus
425 3408 586 3461 Acidaliae:
604 3403 723 3457 infestos
738 3408 767 3456 Δ.
821 3406 854 3455 10
873 3400 987 3471 fortius]
1006 3402 1109 3454 sorcius
1124 3405 1154 3452 V.
1207 3402 1348 3473 1211111]

320 3478 452 3545 peruenit
465 3483 496 3531 V.
553 3483 586 3530 13
606 3475 739 3545 caligine]
760 3472 865 3543 caligini
879 3478 907 3524 F.
981 3472 1082 3543 offusa]
1102 3471 1219 3525 confusa
1233 3475 1261 3537 Ρ,
1281 3472 1349 3527 fusa

320 3554 391 3602 Vm.
402 3567 447 3618 pr.
510 3555 543 3602 15
557 3546 646 3618 velut]
655 3545 742 3600 uelud
756 3550 784 3597 B.
843 3545 901 3597 iam
915 3545 1027 3598 Norat:
1043 3544 1073 3596 in
1087 3549 1117 3596 Δ.
1193 3547 1226 3595 16
1246 3561 1346 3611 percu-

320 3622 394 3692 rato]
418 3622 566 3689 procurato
590 3624 618 3671 Ρ.
693 3623 726 3671 19
746 3615 883 3686 spatium]
908 3616 1034 3684 spacium
1054 3621 1083 3668 V.
1167 3619 1199 3667 21
1224 3612 1302 3670 Hinc
1322 3623 1348 3672 1:

320 3693 408 3747 hies.
459 3698 492 3745 21
508 3690 679 3744 Maracanda
694 3690 861 3743 Frobcuius:
876 3688 1075 3740 marmandam
1089 3692 1119 3739 Δ.
1171 3691 1205 3737 13
1220 3686 1349 3761 deiecto]

322 3763 426 3819 diiecto
445 3769 465 3816 B
484 3782 575 3833 1111.
658 3767 767 3813 14101
794 3760 864 3814 adeo
889 3760 1000 3829 scripsi:
1027 3759 1104 3811 haud
1122 3763 1145 3810 Δ
1164 3758 1227 3828 [aut
1246 3758 1292 3829 v]

322 3834 483 3908 consilium]
503 3833 621 3889 consilio
640 3838 668 3886 F.
