3150 4459
314 463 381 526 364
694 460 725 526 Q.
746 460 857 515 CURTI
875 459 962 513 RUFI

314 632 365 705 est,
389 648 468 707 quoe
490 625 662 690 maioribus
686 626 796 691 bostiis
818 625 1004 705 expiaretur.
1052 622 1166 703 Itaque
1188 624 1356 706 sacrificio

314 718 479 798 maqnifice
491 721 668 798 perpetrato
683 715 894 779 Macedonum
915 712 1011 778 simul
1026 710 1272 793 Persarumque
1283 714 1356 795 pri-

315 825 414 869 mores
438 806 583 868 invitavit
604 804 649 867 ad
670 804 787 885 epulas.
826 802 943 867 Novem
967 801 1059 865 milia
1081 821 1114 864 eo
1132 803 1284 866 convivio
1306 812 1374 866 ea-'

314 896 427 975 cepisse
451 895 614 974 proditum
647 900 690 957 est
720 894 887 957 memoriae
917 911 1022 972 eosque
1053 910 1159 954 omnes
1193 892 1356 955 invitante

314 1003 383 1064 repo
405 1004 442 1046 en
461 983 567 1046 eadem
587 988 720 1046 creterra
738 982 891 1059 libauisse,
918 980 1049 1045 Graecis
1067 979 1282 1061 barbarisque
1301 1002 1355 1044 va-

315 1072 397 1136 tibus
420 1092 489 1135 curn
517 1072 586 1135 alia
606 1073 716 1152 fausta
739 1076 809 1135 vota
826 1070 1063 1151 praeeuntibus,
1093 1075 1160 1132 tum
1185 1069 1355 1151 inprimis,

314 1167 349 1225 ut
382 1163 543 1241 utriusque
579 1162 705 1242 imperii
738 1161 867 1224 societas
898 1161 934 1222 in
966 1159 1048 1222 idem
1080 1178 1192 1237 corpus
1233 1160 1354 1223 coalita

309 1256 460 1333 perpetua
483 1256 565 1314 esset.
608 1250 778 1313 Maturata
801 1249 912 1313 deinde
935 1254 978 1311 cst
1000 1248 1116 1329 missio,
1139 1252 1169 1309 et
1193 1248 1354 1329 infirmis-

314 1340 415 1404 simus
444 1340 572 1420 quisque
590 1341 789 1403 exauctorati.
836 1338 1021 1401 Amicorum
1045 1356 1162 1417 quoque
1184 1339 1353 1401 seniorum

315 1428 502 1509 quibusdam
530 1433 732 1492 commeatum
760 1428 853 1492 dedit.
900 1427 954 1491 Ea
976 1426 1088 1507 quibus
1111 1423 1216 1489 Clitus
1241 1446 1353 1509 coquo

315 1519 400 1581 mine
418 1518 519 1581 Albus
540 1516 733 1598 Gorqiasqne
750 1522 779 1580 et
798 1516 994 1598 Polpdamas
1011 1520 1041 1579 et
1060 1515 1235 1594 Antipenes
1253 1520 1352 1597 tuere.

315 1606 509 1670 Abeuntibus
538 1627 602 1671 non
625 1606 715 1670 modo
735 1607 900 1687 praeteriti
922 1606 1068 1687 temporis
1090 1603 1257 1683 stipendia
1282 1627 1352 1670 cum

314 1696 377 1778 (ide
401 1695 560 1776 persolvit,
588 1716 694 1759 verum
718 1696 813 1759 etiam
836 1694 985 1758 talentum
1009 1694 1124 1757 adiecit
1144 1694 1181 1755 in
1205 1693 1352 1776 stropulos

315 1786 429 1849 milites
452 1786 560 1848 viatici
582 1787 714 1848 nornine.
746 1784 851 1848 Filios
874 1803 910 1847 ev
929 1783 1084 1847 Asiaticis
1103 1782 1261 1847 uxoribus
1285 1804 1351 1849 sus-

315 1879 414 1955 ceptos
435 1911 480 1920 —
503 1874 548 1938 ad
579 1875 678 1937 decen
705 1874 797 1937 milia
822 1874 922 1954 fuisso
944 1872 1114 1936 traduntur
1136 1908 1181 1916 —
1205 1874 1303 1953 apud
1320 1893 1351 1937 se

315 1963 452 2045 relinqui
475 1964 574 2041 iussit,
597 1984 636 2027 ne
658 1965 694 2028 in
709 1964 935 2027 Macedoniarn
954 1960 1225 2043 comparentibus
1247 1968 1350 2048 trans-

314 2054 414 2133 pressi
441 2058 469 2115 et
495 2052 675 2133 eoniuqibus
703 2052 866 2132 liberisque
890 2051 1053 2134 prioribus
1073 2050 1226 2132 perminii
1248 2053 1350 2133 farni-

318 2140 379 2204 lias
402 2142 644 2206 contentionibus
662 2146 691 2205 et
708 2141 876 2206 discordiis
894 2140 1062 2221 inplerent:
1085 2140 1147 2205 sibi
1166 2159 1266 2203 curae
1282 2142 1351 2222 sore

311 2230 481 2311 pollicitus,
504 2237 540 2294 ut
553 2232 658 2311 patrio
679 2251 764 2294 more
781 2232 918 2294 instituti
936 2230 1070 2293 militiae
1088 2233 1170 2292 ortes
1189 2228 1349 2293 edoceren-

318 2324 376 2382 tur.
423 2319 476 2382 Ita
502 2320 579 2400 plus
610 2320 709 2383 iucem
738 2320 829 2383 milia
856 2325 1070 2383 veteranorum
1098 2317 1234 2382 dimissa
1266 2323 1349 2400 sunt,

316 2409 503 2488 additusque
526 2414 577 2491 est,
599 2411 654 2489 qui
672 2429 720 2472 eos
739 2409 906 2489 deduceret,
932 2406 1088 2489 Craterus,
1111 2428 1148 2470 en
1160 2409 1350 2489 praecipuis

316 2499 399 2579 reqis
425 2499 545 2562 amicis.
593 2497 654 2562 Cui
681 2500 710 2562 si
739 2498 818 2579 qnid
840 2498 973 2562 bumani
996 2496 1169 2573 accidisset,
1195 2494 1348 2578 Polyper-

317 2588 399 2653 conti
419 2608 534 2667 parere
561 2588 641 2651 iussi
667 2593 748 2650 sunt.
795 2587 925 2652 Litteris
952 2587 1045 2649 etiam
1069 2585 1114 2649 ad
1135 2585 1348 2666 Antipatrum

316 2677 442 2758 seriptis
464 2677 608 2740 bonorem
632 2676 768 2740 emeritis
790 2676 899 2740 baberi
924 2677 1022 2758 iussit,
1048 2680 1090 2755 ut,
1113 2675 1255 2755 quotieas
1280 2676 1349 2739 ludi

317 2770 408 2846 atque
430 2767 603 2829 certamina
626 2766 794 2843 ederentur,
824 2766 997 2847 inprimis
1019 2763 1182 2828 ordiuibus
1205 2763 1349 2828 coronati

317 2859 501 2935 spectarent,
529 2859 621 2936 utque
641 2856 709 2936 fato
729 2856 909 2935 functorum
933 2854 1023 2919 liberi
1045 2853 1207 2931 inpuberes
1231 2853 1268 2916 in
1286 2874 1348 2933 pa-

319 2949 407 3007 terna
430 2944 588 3024 stipendia
610 2946 810 3009 succederent.
859 2942 1023 3007 Craterum
1042 2942 1251 3006 Macedoniae
1274 2942 1343 3025 fini-

317 3034 462 3113 timisque
483 3034 660 3114 reqionibus
683 3053 752 3096 cum
778 3034 906 3113 imperio
923 3052 1068 3113 praeesse
1085 3031 1221 3112 placuit,
1252 3032 1348 3095 Anti-

311 3127 443 3204 patrum
476 3128 579 3185 antem
611 3143 681 3185 curn
708 3122 917 3203 supplementa
946 3123 1106 3185 iuniorum
1135 3119 1348 3184 Macedonum

317 3213 361 3276 ad
390 3232 489 3292 repom
522 3214 632 3275 venire.
686 3211 853 3275 Verebatur
880 3212 978 3292 enim,
1009 3232 1048 3273 ne
1072 3230 1132 3291 per
1154 3210 1348 3273 discordiam

315 3302 464 3381 praefecti
492 3321 561 3364 urm
590 3299 774 3383 Olympiade
799 3302 907 3381 pravis
935 3300 1044 3380 aliqua
1072 3298 1174 3363 clades
1197 3299 1349 3380 accipere·

318 3394 376 3452 tur.
414 3390 502 3453 Nam
526 3391 640 3454 multas
663 3389 709 3453 ad
721 3389 942 3453 Alexandrum
965 3389 1114 3471 epistulas
1134 3392 1242 3455 mater.
1266 3387 1349 3451 mul·

318 3483 366 3542 tas
380 3479 550 3560 Antipater
568 3480 704 3561 miserat,
728 3480 925 3560 vicissimque
943 3478 1021 3541 alter
1040 3478 1172 3542 alterum
1190 3478 1348 3557 adropan-

317 3573 363 3631 tor
395 3574 423 3631 et
453 3567 559 3632 acerbe
583 3567 735 3649 pleraque
764 3568 868 3648 facere
895 3568 1160 3648 criminabantur,
1196 3586 1277 3645 quae
1304 3565 1350 3631 ad

318 3657 448 3721 dedecus
479 3662 536 3741 aut
567 3658 785 3720 detrimentum
816 3659 920 3738 repiae
951 3657 1125 3721 maiestatis
1146 3656 1347 3736 pertinerent.

319 3746 491 3827 Postquam
519 3747 602 3808 enim
632 3767 741 3809 rumor
771 3746 863 3810 occisi
892 3747 974 3827 repis
1005 3751 1112 3809 temere
1139 3745 1283 3825 vulqatus
1312 3746 1349 3808 in

318 3836 545 3900 Macedoniam
569 3836 720 3916 nrunovit,
743 3839 843 3898 mater
865 3837 931 3899 eius
954 3854 1098 3915 sororque
1117 3832 1284 3914 Cleopatra
1302 3840 1348 3898 tn-
