3150 4459
265 432 267 434 ·
313 420 378 485 278
683 418 724 487 c.
745 418 853 473 cuam
872 418 958 472 auri

278 602 392 649 acere.
440 582 505 649 Cur
533 584 619 649 enim
647 606 713 649 nou
740 582 944 667 producitur,
977 604 1050 646 cum
1075 582 1173 646 etiam
1203 583 1348 647 confessi

313 673 510 738 audiuntur?
528 696 644 757 nempe
659 674 735 758 quia
752 673 889 737 liberam
904 693 1015 737 vocem
1030 672 1218 736 innocentis
1234 672 1348 736 audire

261 781 294 829 10
312 764 432 827 metuis
456 785 492 827 ac
514 786 556 827 ne
576 763 702 827 vultum
723 762 853 846 quidem
872 761 1001 845 pateris.
1039 760 1142 844 Atqui
1160 760 1251 825 nihil
1274 784 1348 826 eum

313 853 427 916 fecisse
451 852 618 917 contende.
659 851 743 916 Sunt
760 851 823 935 hic,
847 852 904 935 qui
926 872 1053 915 mecum
1072 872 1141 914 rem
1159 850 1348 934 pulcherri-

313 964 399 1006 mam
419 942 656 1027 cogitaverunt:
674 962 770 1005 nemo
791 945 849 1024 est,
872 941 928 1023 qui
948 939 1112 1004 conscium
1127 939 1232 1004 fuisse
1247 941 1347 1006 nobis
1371 973 1380 1012 5

314 1030 533 1096 Callisthenen
566 1032 665 1114 dicat,
698 1052 770 1094 cum
804 1031 902 1094 morti
936 1030 1014 1094 olim
1043 1029 1226 1093 destinatus
1257 1031 1348 1093 sita

261 1138 292 1186 11
313 1120 493 1185 iustissimo
517 1124 550 1185 et
572 1119 813 1205 patientissimo
837 1139 920 1203 rege.
959 1117 1048 1182 Haec
1070 1138 1148 1202 ergo
1173 1122 1255 1182 sunt
1277 1118 1347 1183 Ma

313 1210 471 1274 cadonum
498 1210 655 1294 praemia,
688 1232 827 1293 quorum
854 1212 892 1271 ut
920 1228 1117 1292 supervacuo
1149 1211 1183 1271 et
1207 1208 1347 1274 sordido

313 1298 458 1363 abuteris
480 1300 651 1384 sanguine!
691 1299 733 1362 At
756 1298 818 1362 tibi
839 1315 914 1361 xxx
937 1298 1027 1362 milia
1050 1296 1214 1361 mulorum
1240 1299 1347 1383 capti-

312 1411 389 1453 vum
413 1411 528 1452 aurum
551 1389 683 1472 vehunt,
707 1409 780 1452 cum
804 1386 924 1451 milltes
947 1385 1030 1450 nihil
1053 1387 1184 1450 domurn
1212 1392 1348 1471 praeter
1361 1424 1382 1462 n

313 1478 472 1563 gratuitas
501 1478 665 1542 cicatrices
693 1475 827 1541 relaturi
856 1476 930 1540 sint.
977 1475 1064 1553 Quae
1094 1479 1206 1539 tamen
1230 1478 1348 1541 omnia

313 1566 451 1631 tolerare
478 1567 658 1651 potuimus,
691 1570 864 1650 antequam
892 1587 952 1630 nos
982 1564 1127 1630 barbaris
1151 1564 1290 1630 dederes
1316 1571 1349 1631 et

261 1674 293 1720 12
312 1677 397 1720 novo
422 1678 511 1720 more
534 1656 673 1721 victores
698 1655 894 1739 subiugum
918 1655 1073 1719 mitteres.
1113 1653 1295 1720 Persarum
1308 1661 1348 1720 ,te

313 1745 412 1810 vestis
436 1748 468 1809 et
492 1745 662 1829 disciplina
685 1746 856 1829 delectant,
879 1744 1002 1828 patrios
1026 1765 1132 1808 mores
1156 1765 1279 1808 exosus
1304 1768 1347 1810 es.

312 1833 486 1899 Persarum
497 1857 584 1921 ergo,
598 1857 665 1900 non
673 1834 888 1899 Macedonum
896 1855 1005 1920 regern
1021 1832 1166 1897 occidere
1175 1832 1349 1899 voluimus
1361 1868 1384 1910 a

261 1942 294 1989 13
314 1927 347 1987 et
369 1927 402 1987 te
425 1925 629 2011 transfugam
652 1925 731 1989 belli
753 1925 823 1989 iure
847 1924 1079 2007 persequimur.
1125 1921 1174 1986 Tu
1191 1921 1348 1989 Macedo-

312 2036 371 2077 nas
395 2013 527 2078 voluisti
552 2036 657 2100 genua
677 2014 739 2078 tibi
757 2034 877 2098 ponere
896 2011 1106 2096 venerarique
1125 2014 1159 2076 te
1177 2015 1217 2075 ut
1236 2012 1349 2100 deum,

313 2106 350 2166 tu
364 2101 553 2186 Philippum
576 2108 702 2187 patrem
727 2102 884 2166 aversaris
904 2106 945 2185 et,
969 2102 995 2167 si
1016 2101 1088 2185 quis
1107 2100 1244 2165 deorum
1266 2108 1348 2169 ante

255 2197 294 2257 v14
313 2189 423 2255 Iovem
447 2192 634 2275 haberetur,
661 2192 825 2256 fastidires
849 2191 947 2256 etiam
970 2189 1088 2255 lovem.
1135 2189 1285 2274 Miraris,
1319 2194 1348 2257 si

312 2279 407 2345 liberi
437 2282 593 2345 homines
615 2281 800 2365 superbiam
828 2284 918 2345 tuam
946 2281 1029 2344 ferre
1052 2301 1119 2343 non
1140 2284 1348 2363 possumus?
1361 2318 1384 2357 ,ο

313 2369 399 2447 Quid
417 2393 584 2455 speramus
602 2393 642 2435 ex
660 2376 701 2453 te,
721 2370 840 2455 quibus
859 2372 915 2433 aut
932 2369 1115 2434 insontibus
1134 2370 1347 2436 moriendum

314 2463 447 2540 estant,
466 2462 553 2543 quod
571 2461 698 2525 tristius
718 2464 821 2523 morte
841 2463 899 2542 est,
917 2459 952 2523 in
971 2459 1126 2523 servitute
1140 2458 1348 2526 vivendum?

261 2568 294 2617 15
313 2548 363 2612 Pu
394 2549 536 2633 quidem,
569 2550 596 2614 si
627 2549 789 2614 emendari
819 2553 926 2632 polea,
959 2548 1099 2612 multum
1127 2547 1208 2611 mihi
1233 2547 1347 2615 debes.

314 2638 364 2701 Ex
388 2661 440 2702 me
464 2640 549 2703 enim
569 2639 651 2704 scire
671 2639 815 2723 coepisti,
839 2638 917 2722 quid
935 2637 1069 2723 ingenui
1086 2637 1237 2701 homines
1256 2637 1347 2705 ferre

313 2749 378 2791 non
401 2729 537 2811 possint.
577 2727 626 2792 De
650 2732 755 2793 cetero
778 2728 1037 2813 propinquorum
1064 2726 1174 2791 orbam
1194 2733 1347 2793 senectu—
1362 2765 1385 2805 a

313 2820 379 2880 tem
403 2817 571 2902 suppliciis
594 2840 635 2883 ne
660 2817 855 2882 oneraveris:
886 2839 945 2881 nos
970 2816 1044 2881 iube
1068 2816 1152 2911 duci,
1175 2819 1227 2899 ut,
1252 2820 1346 2901 quod

366 3067 368 3072 .
386 3107 399 3152 1
413 3057 520 3172 -effifflnj
540 3100 630 3154 eciam
643 3106 674 3154 v.
748 3107 764 3154 6
784 3058 987 3171 Callisthenen]
1004 3063 1197 3162 callestbanen,
1208 3104 1238 3166 P,
1253 3100 1344 3155 calle-

313 3173 411 3226 stenen
421 3177 451 3224 R.
495 3172 665 3243 destinatus]
674 3172 828 3227 distinatus
839 3178 869 3225 R.
913 3173 962 3243 sit]
973 3172 1100 3231 sium.
1106 3190 1152 3241 pr.
1196 3172 1344 3295 Fipatien·

312 3242 435 3313 tissimo]
445 3244 657 3312 pacientissimo
672 3249 753 3297 LPV.
805 3250 821 3297 9
837 3244 975 3314 abuteris]
990 3243 1101 3297 abuteri
1110 3249 1138 3296 P.
1190 3242 1229 3295 mi
1242 3242 1272 3297 ia
1286 3261 1343 3300 om.

313 3321 366 3372 GR.
461 3321 492 3368 11
513 3316 666 3386 gratuitas]
690 3315 819 3384 grauitas
833 3320 860 3375 sP
879 3333 914 3369 m.
930 3333 974 3383 pr,
1067 3315 1124 3367 sint
1142 3320 1168 3368 1:
1192 3316 1259 3368 sunt
1278 3319 1343 3376 AB.

314 3393 347 3439 14
367 3385 511 3440 delectant
527 3390 550 3438 'P
564 3403 598 3441 m.
614 3405 656 3455 pr.
676 3392 697 3438 P
715 3404 749 3440 m.
760 3404 820 3455 pn:
845 3386 975 3440 delectat·
989 3391 1036 3439 BP
1050 3404 1083 3440 m.
1104 3402 1152 3443 sec.
1168 3391 1217 3444 LP
1232 3403 1268 3440 m.
1282 3404 1342 3447 sec.

312 3462 371 3511 RV.
428 3459 539 3529 exosus]
559 3475 671 3512 exossos
690 3463 720 3511 R.
783 3464 816 3511 11
837 3458 942 3529 genua]
961 3459 1045 3514 ienua
1064 3463 1092 3511 L.
1154 3463 1186 3511 18
1206 3457 1249 3528 tu]
1269 3458 1343 3511 tes

312 3548 347 3583 m.
358 3547 404 3598 pr.
482 3529 659 3601 Philippum]
674 3529 845 3600 phylippum
859 3536 888 3589 P,
903 3529 1117 3598 pihilippumh.
1188 3532 1235 3583 -19
1250 3528 1343 3585 habc-

312 3601 402 3672 retur]
422 3599 554 3655 aberetur
571 3606 602 3654 V.
683 3607 715 3654 21
737 3601 799 3671 aut]
818 3602 895 3653 haud
914 3607 942 3654 P.
1024 3607 1064 3654 22>
1078 3601 1139 3670 aut]
1158 3600 1235 3653 haud
1254 3606 1283 3654 P.

313 3673 389 3740 quod
409 3689 459 3727 om.
474 3678 495 3724 P
509 3691 544 3726 m.
555 3690 600 3741 pr.
711 3678 744 3725 23
762 3672 856 3743 potes]
880 3674 974 3741 potest
993 3680 1018 3725 c.
1128 3671 1211 3743 mihi]
1229 3670 1291 3724 mhi
1311 3679 1342 3728 P.

314 3750 347 3799 25
366 3742 589 3813 propinquorum
609 3745 762 3801 Kiacbius:
781 3760 866 3814 parce
886 3761 1005 3813 quorum
1023 3749 1054 3797 Δ.
1129 3748 1162 3796 26
1182 3742 1261 3814 duci]
1281 3744 1340 3799 dici

313 3822 383 3871 Bm.
395 3833 440 3885 pr.
962 3843 964 3849 ·
