3150 4459
863 330 876 357 ρ

242 491 244 496 .
299 447 367 509 244
681 445 712 511 Q.
733 445 842 499 CURTI
861 446 947 498 RUFI

299 611 360 675 diti
393 611 547 675 indicium
581 614 631 675 est
663 632 764 693 aquae
795 610 931 673 meantis
967 631 1081 689 sonus,
1111 630 1183 671 cum
1221 609 1335 691 ipsum

300 699 412 784 solum,
436 700 494 764 sub
519 721 583 783 quo
607 703 717 764 tantus
741 700 844 763 amnis
868 699 950 783 fluit,
978 720 1018 761 ne
1041 697 1168 763 modico
1195 698 1334 780 quidem

264 789 429 853 tresudet
455 789 598 853 humore.
646 788 695 851 Ex
725 787 861 873 captivis
891 786 1126 873 Sogdianorum
1151 786 1192 849 ad
1217 809 1334 872 regern

299 896 372 942 xxx
408 878 603 943 nobilissimi
647 899 819 963 corporum
861 878 977 942 robore
1021 876 1137 941 eximio
1175 876 1333 958 perducti

284 972 403 1033 erant:
428 969 484 1051 qui
497 968 552 1033 abi
575 990 633 1051 per
651 968 860 1051 interpretem
881 969 1102 1052 cognoverunt
1125 964 1217 1028 iussu
1240 966 1332 1047 regis
1361 992 1372 1030 a

300 1058 388 1142 ipsos
416 1057 455 1121 ad
487 1056 683 1141 supplicium
716 1056 817 1140 trahi,
848 1078 975 1121 carmen
1006 1054 1194 1119 laetantium
1227 1056 1332 1118 modo

300 1167 412 1211 canere
445 1145 662 1230 tripudiisque
692 1149 725 1209 et
756 1144 918 1210 lasciviori
948 1146 1093 1229 corporis
1125 1146 1217 1207 motu
1249 1166 1332 1229 gau-

265 1235 389 1300 odium
414 1235 575 1319 quoddam
599 1235 698 1298 animi
724 1237 886 1300 ostentare
905 1238 1088 1317 coeperunt.
1135 1232 1332 1297 Admiratus

299 1324 377 1409 [est]
407 1347 465 1390 rex
495 1328 586 1389 tanta
618 1324 842 1409 magnitudine
873 1323 971 1387 animi
1006 1328 1157 1408 oppetere
1185 1326 1331 1386 mortem

299 1415 441 1479 revocari
466 1435 520 1478 eos
544 1414 651 1497 iussit,
679 1435 809 1479 causam
832 1416 899 1476 tam
924 1413 1043 1477 effusae
1065 1412 1222 1493 laetitiae,
1252 1434 1332 1476 curn
1349 1440 1374 1479 10

265 1504 495 1587 esupplicium
526 1508 600 1567 ante
629 1504 741 1568 oculos
769 1502 938 1583 haberent,
971 1503 1146 1585 requirens.
1196 1498 1267 1583 Illi,
1304 1502 1332 1565 si

299 1592 340 1655 ab
370 1592 433 1657 alio
463 1592 696 1670 occiderentur,
726 1591 836 1657 tristes
864 1592 1039 1656 morituros
1067 1591 1166 1655 fuisse
1194 1611 1333 1673 respon-

300 1682 391 1745 dent:
427 1703 514 1745 nunc
544 1703 563 1745 a
593 1685 684 1745 tanto
715 1703 804 1765 rege,
834 1682 955 1745 victore
993 1680 1137 1745 omnium
1169 1680 1332 1763 gentium,

300 1771 477 1835 maioribus
497 1771 564 1834 suis
587 1769 730 1835 redditos
744 1770 915 1835 honestam
930 1774 1078 1852 mortem,
1102 1791 1198 1853 quam
1222 1768 1332 1833 fortes

300 1860 362 1924 viri
392 1863 468 1923 voto
503 1881 632 1943 quoque
665 1863 868 1944 expeterent,
901 1860 1097 1924 carminibus
1136 1859 1185 1921 sui
1224 1860 1332 1923 moris
1349 1888 1374 1927 is

266 1966 279 2012 7
299 1950 489 2031 laetitiaque
513 1948 681 2013 celebrare.
723 1948 860 2013 Tantam
882 1971 939 2012 rex
963 1948 1140 2012 admiratus
1163 1947 1333 2030 magnitu-

301 2038 407 2101 dinem
433 2038 546 2102 animi:
581 2037 740 2121 ‘Quaero',
763 2039 883 2122 inquit,
912 2039 965 2101 ‘an
988 2039 1095 2101 vivere
1122 2035 1231 2101 velitis
1261 2059 1333 2102 non

265 2142 281 2190 8
301 2127 425 2191 inimici
448 2127 538 2210 mihi,
562 2129 652 2191 cuius
677 2126 833 2191 beneficio
858 2128 975 2192 victuri
999 2126 1110 2191 estis?
1157 2123 1211 2189 Illi
1234 2148 1333 2190 num-

301 2238 399 2300 quam
428 2238 461 2279 se
489 2216 639 2282 inimicos
663 2217 707 2300 ei,
739 2216 795 2280 sed
818 2216 904 2281 bello
927 2217 1093 2280 lacessitos
1118 2237 1151 2279 se
1176 2214 1332 2281 inimicos

300 2306 388 2370 hosti
418 2304 519 2369 fuisse
542 2305 750 2389 respondent:
784 2306 812 2369 si
836 2305 908 2389 quis
932 2306 1021 2390 ipsos
1045 2304 1201 2369 beneficio
1228 2327 1332 2387 quam
1348 2335 1375 2374 ao

301 2394 420 2458 iniuria
443 2395 581 2477 experiri
604 2395 783 2477 maluisset,
816 2398 995 2460 certaturos
1018 2396 1132 2477 fuisse,
1155 2416 1195 2457 ne
1219 2394 1333 2459 vince-

266 2500 281 2547 9
301 2486 414 2548 rentur
438 2482 554 2547 officio.
591 2482 883 2568 Interrogantique,
908 2506 972 2567 quo
996 2484 1133 2569 pignore
1152 2482 1251 2546 fidem
1273 2486 1332 2549 ob-

301 2573 435 2658 ligaturi
454 2577 568 2655 essent,
587 2575 697 2656 vitam,
713 2595 810 2656 quarn
824 2573 1016 2657 acciperent,
1036 2572 1166 2659 pignori
1180 2572 1332 2637 futuram

302 2661 1137 2746 essedixeruntzreddituros,quandoquerepetisset.
1170 2660 1332 2745 Necpro-

303 2752 436 2815 missum
456 2751 648 2816 fefellerunt.
685 2751 781 2835 Nam,
801 2752 857 2835 qui
867 2752 993 2816 remissi
1009 2752 1122 2816 domos
1142 2755 1243 2834 erant,
1262 2752 1332 2817 fide
1347 2779 1375 2820 as

302 2840 490 2904 continuere
510 2844 696 2923 populares:
721 2845 877 2925 quattuor
899 2841 984 2905 inter
1008 2842 1159 2907 custodes
1180 2843 1331 2923 corporis

302 2930 419 2994 retenti
446 2931 529 2994 nulli
552 2930 764 2994 Macedonum
794 2931 828 2994 in
855 2952 963 3015 regem
993 2932 1126 2995 caritate
1152 2935 1331 2995 cesserunt.

376 3128 391 3175 3
406 3121 681 3194 humore]umore1’.
737 3131 753 3178 5
767 3126 827 3179 ubi
840 3140 891 3193 per
903 3126 1016 3191 scripsi:
1031 3141 1082 3194 per
1092 3129 1122 3177 Δ.
1179 3130 1194 3177 6
1209 3123 1288 3177 trahi
1300 3133 1331 3180 c:

302 3192 378 3247 tradi
392 3200 420 3247 Ρ.
476 3196 599 3266 carmen]
615 3211 727 3248 carnem
740 3200 772 3247 V.
829 3195 1013 3265 llasciviori]
1028 3195 1186 3250 lasciuioris
1200 3200 1229 3260 P,
1243 3194 1332 3250 lasci·

301 3265 392 3319 uiori*
407 3269 436 3318 B.
528 3267 631 3337 9[est]
650 3268 700 3321 del.
721 3268 893 3321 Vindelicus.
969 3274 1001 3322 10
1021 3266 1332 3338 laetitiae]laetiae1.,

301 3336 432 3390 laeticiae
450 3342 481 3391 V.
557 3344 589 3391 13
608 3354 687 3408 rege,
706 3338 824 3408 victore]
843 3338 904 3407 regi
922 3339 1015 3392 uictor
1032 3345 1060 3392 P.
1136 3346 1169 3391 14
1187 3338 1332 3412 redditos]

302 3408 421 3462 redditis
440 3415 467 3463 0.
541 3415 574 3462 16
593 3410 690 3480 moris]
709 3410 780 3463 mori
799 3415 827 3463 P.
900 3416 934 3463 16
955 3409 1097 3464 celebrare
1114 3410 1235 3464 Giuuta:
1255 3410 1332 3465 cele-

302 3479 417 3532 brarent
436 3484 466 3533 Δ,
541 3480 673 3536 Tantam
691 3482 802 3549 serapai:
823 3483 885 3533 tum
899 3486 929 3533 Δ.
1005 3488 1036 3535 17
1052 3481 1147 3549 inquit
1163 3481 1331 3539 θπινιααενι

302 3552 400 3619 itaque
414 3555 444 3604 Δ.
498 3557 531 3605 18
546 3552 661 3623 victuri]
676 3552 779 3606 uictori
795 3559 819 3607 0.
877 3558 909 3606 19
930 3552 964 3618 ei,
980 3553 1030 3606 sed
1045 3552 1120 3607 bello
1136 3552 1284 3607 lacessitos
1301 3572 1332 3609 se

302 3622 443 3693 inimicos]
468 3625 499 3676 iu
522 3629 570 3675 BV
590 3641 640 3678 om.
661 3642 695 3678 m,
708 3642 763 3693 pr,
783 3625 848 3678 cdd.
864 3641 931 3678 corr.
1018 3631 1051 3677 20
1072 3624 1159 3694 hosti]
1183 3624 1280 3680 hostes
1301 3632 1331 3680 Ρ.

303 3701 336 3747 22
356 3694 600 3763 Interrogantique
618 3700 650 3749 1²:
671 3694 895 3765 interrogatique
914 3701 939 3748 0.
1010 3702 1043 3748 24
1063 3696 1244 3767 promissum]
1264 3714 1332 3765 pro·

302 3766 405 3819 misum
424 3771 452 3819 Ι..
513 3771 547 3819 26
567 3769 648 3819 erant
665 3772 698 3820 1²:
722 3767 815 3821 ierant
833 3774 859 3821 c.
920 3772 952 3820 27
972 3768 1089 3838 retent']
1107 3766 1225 3821 retentis
1244 3774 1273 3821 Ρ.

304 3838 436 3907 caritate]
455 3836 578 3891 karitate
598 3844 623 3890 0.
