3150 4459
448 457 699 512 HISTORIARUM
718 457 931 514 ALEXANDRI
950 457 1008 525 1111,
1029 464 1052 510 7.
1068 463 1092 511 8.
1241 457 1283 521 69

273 658 279 662 ·
321 622 514 688 Alexander
537 620 578 685 ab
597 620 778 686 Hammone
800 621 926 686 rediens
951 622 990 686 ad
1009 621 1171 688 Mareotin
1194 621 1283 705 palu·
1298 626 1360 680 VIIl

234 714 328 781 lem
355 712 446 777 haud
470 713 584 795 procul
607 710 713 775 insule
736 710 842 776 Pharo
867 710 962 775 sitam
991 711 1086 775 venit.
1135 709 1283 775 contem-

234 804 369 889 platus
398 801 462 867 loci
490 804 637 865 naturam
662 800 803 884 primum
832 801 865 863 in
893 801 965 885 ipsa
992 800 1098 865 insula
1126 804 1284 865 statuerat

234 893 377 959 urbem
400 912 518 955 novam
537 889 687 954 condere:
711 889 786 954 inde
811 893 847 953 ut
866 889 1016 974 adparuit
1039 913 1174 976 magnae
1198 890 1283 954 sedis
1303 907 1318 954 2

234 980 401 1048 insulam
434 979 521 1045 haud
553 1000 702 1063 capacem
735 1001 815 1063 esse,
846 978 945 1065 elegit
975 980 1050 1045 urbi
1076 981 1195 1064 locum,
1227 978 1283 1043 ubi

234 1094 346 1138 nunc
366 1074 417 1135 est
435 1068 648 1152 Alexandrea,
671 1068 923 1152 appellationem
942 1069 1073 1133 trahens
1095 1091 1134 1134 ex
1152 1071 1283 1135 nomine

235 1159 413 1227 auctoris.
460 1157 654 1243 Conplexus,
677 1158 837 1243 quidquid
864 1160 926 1223 soli
953 1163 1002 1224 est
1024 1158 1109 1224 inter
1132 1158 1282 1243 paludem

235 1273 288 1318 ac
316 1271 420 1333 mare,
444 1248 611 1335 octoginta
634 1248 813 1314 stadiorum
837 1249 937 1313 muris
961 1248 1119 1314 ambitum
1143 1248 1284 1314 destinat

235 1345 294 1423 et,
317 1340 380 1424 qui
397 1338 655 1403 exaedificandae
674 1339 748 1402 urbi
766 1342 961 1422 praeessent,
979 1337 1100 1402 relictis
1115 1337 1282 1423 Memphin

235 1429 350 1513 petit.
400 1426 525 1511 Cupido
556 1427 643 1502 haud
676 1427 796 1491 iniusta
828 1427 968 1512 quidem,
998 1432 1137 1491 ceterum
1169 1427 1319 1491 intem-3

235 1518 390 1603 pestiva
420 1518 595 1581 incesserat
627 1538 694 1580 non
725 1516 880 1581 interiora
913 1517 1009 1581 modo
1042 1514 1195 1602 Aegypti,
1227 1516 1283 1580 sed

238 1608 357 1673 etiam
378 1605 586 1691 Aethiopiam
604 1605 755 1672 invisere:
779 1605 962 1669 Memnonis
981 1605 1180 1689 Tithonique
1203 1605 1284 1670 cele-

236 1693 352 1762 brata
386 1697 476 1781 regia
503 1695 745 1780 cognoscendae
773 1697 944 1760 vetustatis
977 1695 1107 1760 avidum
1135 1695 1284 1760 trahebat

238 1805 362 1871 paene
396 1789 488 1849 extra
518 1785 675 1849 terminos
709 1785 797 1849 solis.
853 1782 916 1848 Sed
948 1784 1120 1850 imminens
1151 1784 1318 1867 bellum,4

240 1876 352 1943 cuius
378 1874 481 1939 multo
505 1874 609 1939 maior
633 1879 798 1958 supererat
820 1874 932 1958 moles,
956 1875 1078 1939 otiosae
1101 1874 1283 1961 peregrina·

239 1965 343 2031 tioni
381 1969 529 2048 tempora
565 1968 735 2029 exemerat.
795 1962 910 2047 Itaque
942 1964 1094 2051 Aegypto
1127 1963 1283 2049 praefecit

239 2053 460 2138 Aeschylum
487 2052 652 2118 Rhodium
685 2058 718 2117 et
745 2052 922 2118 Peucesten
950 2052 1158 2120 Macedonem
1191 2056 1283 2137 quat-

241 2147 334 2211 tuor
352 2142 487 2208 milibus
506 2142 647 2208 militum
671 2143 706 2207 in
724 2142 921 2227 praesidium
940 2144 1082 2229 regionis
1101 2144 1170 2209 eius
1190 2143 1284 2223 datis,

241 2234 402 2301 claustra
424 2232 493 2297 Nili
517 2231 660 2297 fluminis
678 2230 889 2297 Polemonem
912 2232 995 2298 tueri
1019 2233 1122 2299 iubet:
1145 2251 1218 2298 xxx
1243 2233 1282 2296 ad

240 2321 321 2391 hoc
354 2322 502 2386 triremes
535 2321 635 2386 datae.
691 2320 822 2386 Africae
854 2322 981 2405 deinde,
1014 2344 1096 2406 quae
1128 2321 1317 2408 Aegypton

243 2414 372 2480 iuncta
391 2415 450 2494 eat,
468 2410 672 2496 praepositus
687 2410 893 2496 Apollonius,
911 2410 1125 2498 vectigalibus
1139 2412 1282 2476 eiusdem

242 2502 391 2603 Africae
414 2498 622 2586 Aegyptique
645 2498 843 2565 Cleomenes.
889 2500 941 2565 Ex
971 2501 1118 2565 finitimis
1146 2499 1282 2566 urbibus

244 2612 474 2748 Pttttt?
498 2588 1137 2764 ffipqaff..„5..„mo„3.
1165 2612 1317 2744 ttth

245 2770 364 2837 futuri
387 2769 471 2833 muri
494 2768 634 2854 polenta,
657 2773 695 2833 ut
718 2769 930 2834 Macedonum
954 2790 1024 2834 mos
1048 2773 1104 2853 est,
1129 2768 1281 2833 destinas-

245 2862 322 2943 set,
352 2858 461 2923 avium
493 2879 608 2943 greges
638 2857 805 2923 advolasse
836 2861 869 2921 et
899 2857 1032 2943 polenta
1062 2880 1131 2922 osse
1159 2862 1281 2942 pastas:

331 3004 346 3051 1
367 2996 535 3069 Hammone]
554 3015 683 3052 ammone
701 3002 807 3051 PLPV.
881 2998 1046 3067 adscripsi:
1067 3000 1099 3050 ut
1116 3001 1147 3050 A.
1221 2998 1281 3051 Ma-

248 3070 351 3127 reotin
378 3071 506 3125 Modico:
535 3072 682 3139 mareotyn
710 3075 740 3122 A.
851 3075 866 3121 3
889 3069 995 3141 insula]
1022 3068 1107 3123 insila
1135 3074 1155 3122 Β
1181 3088 1214 3131 m.
1235 3088 1280 3137 pr.

251 3142 428 3213 Acondere]
454 3141 606 3196 concedere
628 3147 649 3194 P
673 3160 707 3195 m.
722 3159 768 3209 pr.
788 3146 808 3193 1.
832 3159 865 3194 m.
881 3159 926 3209 pr.
1023 3141 1166 3212 adparuit]
1193 3157 1280 3209 appa-

251 3213 348 3269 ruerit
361 3216 392 3265 V.
453 3213 665 3268 6Alexandrea
689 3213 783 3283 Vopel:
804 3212 949 3266 alexandri
968 3218 998 3265 A.
1055 3214 1178 3284 Smare]
1198 3227 1281 3281 mage

252 3293 275 3339 P
290 3304 328 3340 m.
339 3301 385 3353 pr.
442 3285 623 3354 tMemphin
636 3290 668 3337 P:
688 3284 843 3353 memphim
857 3291 882 3336 c.
940 3290 973 3337 10
987 3285 1076 3356 haud]
1091 3286 1141 3338 aut
1156 3288 1175 3336 Β
1189 3303 1223 3338 m.
1234 3301 1280 3352 pr.

256 3364 290 3412 11
304 3357 657 3428 incesserat]>incesserant
665 3361 695 3409 V.
753 3362 784 3409 12
800 3355 980 3425 Aethiopiam
990 3362 1015 3409 1:
1031 3355 1186 3424 ethiopiam
1195 3360 1226 3409 A.

252 3426 430 3499 Memnonis]
448 3427 614 3482 memmonis
634 3433 662 3480 P.
744 3426 916 3494 Tithonique
935 3429 1039 3483 Aldus:
1058 3427 1233 3495 tithonisque
1251 3432 1280 3493 P,

252 3498 415 3567 titaniaque
430 3504 455 3552 0.
530 3506 563 3555 15
580 3498 682 3569 multo]
698 3498 819 3553 multum
835 3505 863 3552 P.
938 3505 970 3552 1⁹1
990 3499 1161 3567 Aeschylum
1176 3500 1279 3553 Aldus:

251 3570 425 3628 hoesoulum
439 3574 469 3624 A.
526 3577 559 3627 19
573 3570 753 3625 Polemonem
764 3570 871 3626 Loucr:
886 3570 1094 3640 polimonemA.
1151 3576 1185 3624 20
1199 3570 1280 3624 trire-

249 3643 329 3715 mes]
343 3641 443 3695 trimes
458 3646 477 3694 Β
492 3661 526 3697 m.
536 3662 581 3712 pr.
644 3658 716 3710 quae
730 3642 872 3714 Aegypto]
888 3644 1049 3712 quaegypto
1064 3649 1091 3696 P.
1148 3648 1181 3695 22
1202 3641 1279 3696 Cleo-

250 3732 354 3772 menes
372 3713 542 3769 Froheoius:
566 3714 689 3768 clemens
706 3717 737 3766 A.
836 3713 975 3785 finitimis]
999 3713 1126 3767 finitibus
1145 3719 1165 3765 P
1183 3732 1218 3767 m.
1233 3731 1278 3781 pr.

250 3794 288 3843 23
310 3784 522 3839 Alexandream
540 3792 572 3839 P:
593 3784 788 3839 alexandriam
806 3791 831 3838 c.
918 3786 1013 3856 iussis]
1033 3785 1076 3839 ius
1095 3790 1115 3836 P
1134 3804 1168 3840 m.
1179 3803 1224 3853 pr.

248 3860 355 3915 orbem
374 3856 465 3911 futuri
482 3858 555 3913 muri
574 3858 729 3913 Bactrius:
749 3856 848 3911 urbem
865 3857 955 3912 futuri
973 3856 1059 3911 muris
1079 3862 1109 3910 A.
