3150 4459
475 456 729 511 HISTORIARUM
747 456 962 511 ALEXANDRI
980 457 1040 524 VH,
1061 462 1083 511 7.
1224 459 1289 522 235

267 621 382 684 similis
402 621 508 685 stabat
526 642 584 704 per
603 623 725 684 metum
744 620 842 685 etiam
860 641 938 685 voce
958 643 1129 706 suppressa
1148 623 1291 687 tandem-

267 733 328 795 que
362 711 473 774 eodem
506 714 595 774 metu
626 710 828 792 stimulante,
860 733 900 775 ne
923 712 1009 797 regis
1033 711 1290 795 expectationem

266 803 458 864 moraretur:
483 799 627 884 ‘Magni',
660 799 776 883 inquit,
805 800 945 883 laboris,
976 822 1041 864 non
1065 800 1156 864 inriti
1181 801 1291 865 discri-

266 911 339 952 men
359 889 479 953 instarc
497 888 656 972 praedixi:
682 910 742 952 nec
759 912 812 952 me
831 893 898 953 tam
921 912 973 952 ars
992 911 1064 954 mea
1087 912 1184 974 quam
1203 891 1290 955 beni-
1310 910 1343 957 27

240 978 408 1043 avolentia
437 984 491 1041 tuo
519 978 697 1061 perturbat.
742 976 968 1043 Infirmitatem
997 978 1185 1044 valitudinis
1216 984 1290 1043 tuae

266 1068 359 1132 video
384 1071 424 1150 ct,
448 1071 604 1150 quantum
626 1069 660 1131 in
679 1089 744 1130 uno
764 1072 797 1132 tc
815 1068 868 1152 sit,
892 1068 974 1133 scio:
998 1091 1119 1150 vereor,
1141 1090 1181 1132 ne
1200 1091 1290 1152 prae-

267 1157 349 1220 senti
372 1157 521 1221 fortunae
539 1161 576 1220 tu
596 1157 743 1222 sufficere
762 1178 829 1221 non
846 1158 973 1241 possis'
1013 1158 1081 1222 Rex
1102 1158 1199 1223 iussit
1217 1181 1290 1223 eum
1309 1178 1343 1224 28

267 1247 427 1311 confidere
450 1246 599 1310 felicitati
623 1268 713 1310 suae:
736 1251 773 1310 ut
797 1248 876 1311 alias
900 1248 963 1312 sibi
987 1248 1032 1310 ait
1055 1248 1193 1332 gloriam
1218 1269 1290 1312 con·

266 1336 376 1399 cedere
409 1336 493 1399 deos.
548 1334 753 1400 Consultanti
786 1336 860 1399 inde
893 1358 967 1401 cum
1000 1336 1116 1421 isdem,
1149 1358 1289 1420 quonam
1310 1356 1343 1403 29

226 1454 251 1490 ιο
267 1426 363 1489 modo
383 1426 502 1489 flumen
522 1425 705 1507 transirent,
724 1425 911 1508 supervenit
924 1424 1116 1490 Aristander
1129 1448 1196 1490 non
1211 1426 1290 1490 alias

265 1516 400 1578 laetiora
433 1518 507 1577 exta
539 1514 659 1579 vidisse
692 1536 725 1578 se
757 1515 944 1594 adfirmans,
982 1515 1095 1599 utique
1127 1515 1290 1600 prioribus

265 1604 362 1689 longe
377 1604 514 1668 diversa:
532 1608 601 1667 tum
617 1604 848 1668 sollicitudinis
864 1627 976 1669 causas
991 1605 1186 1689 adparuisse,
1205 1627 1291 1670 nunc

265 1716 397 1777 prorsus
421 1694 550 1779 egregie
573 1694 704 1757 litatum
728 1714 805 1757 esse.

212 1790 250 1844 32
335 1782 493 1865 Ceterum,
514 1805 595 1866 quae
616 1782 752 1846 subinde
767 1783 916 1847 nuntiata
931 1787 1006 1847 sunt
1020 1783 1099 1867 regi,
1119 1782 1290 1847 continuae
1310 1801 1344 1849 30

225 1900 251 1938 15
266 1872 412 1935 felicitati
439 1894 546 1936 rerum
570 1874 638 1935 eius
661 1873 871 1954 inposuerant
895 1872 1009 1936 labem.
1056 1873 1291 1956 Menedemum,
1310 1890 1342 1939 31

266 1965 303 2024 ut
326 1983 423 2044 supra
446 1961 568 2023 dictum
593 1966 649 2043 cst,
676 1961 808 2025 miserat
831 1962 872 2025 ad
896 1961 1107 2025 obsidendum
1133 1961 1290 2045 Spitamc-
1375 2017 1378 2023 .

265 2072 342 2131 nen,
383 2050 573 2114 Bactrianae
607 2049 797 2115 defectionis
830 2056 1007 2116 auctorem:
1045 2052 1100 2135 qui
1135 2055 1289 2134 conperto

265 2140 369 2203 hostis
384 2140 534 2222 adventu,
548 2161 588 2203 ne
610 2140 711 2203 muris
726 2140 815 2204 urbis
831 2141 1057 2223 includeretur,
1076 2140 1174 2204 simul
1187 2141 1289 2205 fretus

266 2228 369 2311 excipi
384 2251 490 2312 posse,
507 2250 571 2312 qua
589 2251 662 2293 eum
682 2232 855 2293 venturum
870 2229 1001 2313 sciebat,
1020 2230 1165 2295 consedit
1185 2229 1290 2295 occul-

226 2347 251 2384 so
266 2323 327 2381 tus.
376 2317 529 2382 Silvestre
562 2319 624 2382 iter
655 2323 769 2402 aptum
801 2319 928 2384 insidiis
960 2320 1107 2404 tegendis
1131 2322 1212 2385 erat:
1243 2320 1289 2384 ibi
1309 2339 1342 2387 32

266 2407 374 2470 Dahas
399 2408 550 2471 condidit.
596 2407 683 2491 Equi
706 2408 801 2473 binos
825 2412 965 2473 armatos
989 2408 1120 2494 vehunt,
1151 2431 1289 2493 quorum

266 2497 403 2561 invicem
437 2498 558 2583 singuli
590 2501 721 2581 repente
752 2498 906 2562 desiliunt
929 2504 958 2562 ct
979 2500 1138 2582 equestris
1161 2520 1289 2584 pugnae

266 2587 410 2650 ordinem
442 2587 584 2650 turbant.
631 2586 800 2669 Equorum
832 2588 998 2652 velocitati
1026 2610 1085 2671 par
1111 2591 1161 2652 cst
1186 2587 1289 2651 homi·
1309 2607 1343 2655 33

265 2699 341 2739 num
382 2676 564 2759 pernicitas.
630 2675 700 2740 Hos
734 2675 935 2759 Spitamenes
968 2678 1088 2741 saltum
1121 2676 1289 2741 circumire

226 2793 250 2832 aa
266 2767 370 2830 iussos
403 2766 525 2848 pariter
557 2769 590 2829 ct
618 2788 637 2829 a
663 2764 820 2829 lateribus
854 2770 887 2830 ct
914 2789 933 2829 a
958 2766 1065 2831 fronte
1098 2771 1130 2830 ct
1154 2788 1172 2828 a
1195 2769 1288 2851 tergo

265 2855 353 2918 hosti
387 2855 536 2919 ostendit.
582 2853 789 2918 Menedemus
822 2854 964 2938 undique
988 2854 1139 2934 inclusus,
1167 2877 1208 2919 ne
1230 2877 1288 2918 nu·
1308 2875 1343 2922 34

339 3066 556 3137 rtandemque]
574 3065 737 3133 tandenque
757 3072 782 3117 c.
844 3066 985 3139 3inquit]
1003 3066 1104 3135 inquid
1123 3071 1152 3118 V.
1209 3071 1288 3119 4mc

265 3140 324 3190 tam
344 3139 499 3192 Bentleius:
522 3155 585 3190 mea
603 3142 633 3189 Δ.
707 3137 899 3191 benivolentia
918 3144 977 3192 tac
994 3139 1104 3207 arrepsit
1127 3136 1288 3191 beniuolen-

265 3209 307 3262 tia
326 3214 356 3261 A.
431 3207 644 3279 ovalitudinis]
662 3207 800 3262 ualitudis
819 3214 889 3264 Bm.
904 3227 945 3278 pr.
961 3214 1016 3262 LV.
1092 3211 1159 3263 ltu
1177 3210 1287 3277 scrcpsc':

265 3283 331 3334 tuae
350 3285 380 3333 Δ.
467 3280 551 3334 iussit
570 3297 634 3334 eum
653 3282 773 3349 Icepius:
794 3280 902 3334 iussum
920 3285 950 3334 Δ,
1034 3282 1208 3335 Sconfiderc
1226 3279 1288 3334 fcli-

266 3352 346 3405 citati
366 3358 391 3404 1:
412 3353 543 3405 confitere
562 3350 708 3405 felicitatis
727 3356 758 3405 Δ.
846 3355 879 3408 ut
898 3351 969 3405 alias
989 3352 1042 3406 sibi
1062 3352 1103 3406 ait
1120 3353 1231 3421 scripsi:
1252 3353 1288 3407 ad

266 3424 322 3477 alia
342 3423 397 3476 sibi
417 3424 452 3475 ad
467 3429 497 3476 Δ.
581 3422 896 3477 9inchldas:1nihi
912 3429 942 3479 Δ.
1028 3430 1060 3478 12
1080 3422 1245 3492 adparuisse
1259 3429 1287 3477 1³:

266 3495 429 3564 apparuisse
449 3504 474 3547 e.
550 3501 581 3547 13
600 3494 727 3564 prorsus]
746 3512 864 3563 propsus
879 3500 907 3549 Ρ.
982 3501 1015 3549 15
1034 3494 1179 3567 felicitati]
1198 3494 1288 3549 fclici-

265 3567 334 3620 tatis
357 3573 384 3618 Ρ.
494 3565 689 3637 inposuerant]
715 3566 901 3634 inposuerunt
924 3573 951 3619 L.
1062 3573 1096 3621 16
1122 3567 1170 3638 ad]
1197 3566 1233 3620 ab
1256 3572 1287 3619 V.
1389 3629 1394 3639 Ι

267 3645 299 3692 18
319 3638 418 3709 muris]
438 3638 560 3691 muneris
579 3643 606 3692 Ρ.
672 3642 706 3690 19
726 3654 782 3705 qua
801 3654 865 3691 eum
879 3638 990 3709 Staupl:
1011 3655 1094 3707 quem
1113 3644 1143 3690 Δ.
1205 3644 1240 3691 22
1260 3644 1289 3691 et

266 3710 403 3778 equestris
418 3710 528 3777 scripsi:
545 3708 682 3777 equestris
696 3713 727 3761 Δ.
779 3714 813 3761 23
828 3726 880 3778 par
894 3711 937 3763 est
951 3716 983 3763 1³:
997 3727 1050 3778 par
1064 3715 1089 3762 c.
1145 3715 1180 3762 24
1195 3708 1287 3777 Spita·

265 3782 373 3852 menes]
392 3782 550 3849 pitamsnes
569 3786 624 3834 Pv.
706 3779 865 3852 circumire]
885 3780 1003 3835 circuire
1021 3787 1049 3833 F.
1129 3786 1163 3835 25
1183 3798 1199 3833 a
1218 3780 1287 3833 lace·

266 3855 355 3924 ribus]
376 3854 513 3909 alteribus
531 3858 562 3906 V.
643 3856 677 3904 26
697 3852 744 3923 nc]
764 3852 811 3906 inc
830 3857 858 3907 Ρ.
