3150 4459
428 457 682 514 HISTORIARUM
700 458 916 518 ALEXANDHI
934 458 1007 526 vui
1027 465 1051 513 6.
1069 464 1092 513 7.
1208 458 1272 522 277

249 626 334 687 ultra
358 627 455 708 negat
474 622 676 687 audiendum.
714 622 785 687 Rex
803 622 943 686 inhibito
962 625 1055 707 patre
1075 623 1179 687 dicere
1194 621 1274 686 Her·
1293 641 1309 687 3

249 715 392 776 mclaum
415 712 514 795 iubet,
539 734 620 796 qnae
644 734 684 776 ex
706 713 864 798 magistro
888 711 1054 778 didicisset
1069 709 1273 777 Callisthene.

249 802 294 864 Et
318 801 524 866 Hermolaus:
558 800 675 885 ‘Utor’,
703 803 825 886 inquit,
858 801 1026 866 ‘beneficio
1054 804 1112 866 tuo
1136 805 1169 865 et
1193 800 1275 885 dico,

250 914 331 975 quae
354 892 475 955 nostris
499 891 593 955 malis
616 891 722 956 didici.
761 890 869 968 Quota
886 912 962 974 pars
976 889 1188 955 Macedonum
1208 911 1273 955 sae·
1293 911 1310 956 4

222 982 346 1045 evitiae
374 984 448 1044 tuae
476 981 643 1065 superest?
679 985 798 1064 quotus
830 980 960 1065 quidem
983 1002 1050 1045 non
1074 1001 1091 1043 e
1114 980 1273 1044 vilissimo

250 1070 429 1155 sanguine?
465 1069 597 1134 Attalus
630 1075 663 1134 et
689 1070 836 1134 Philotas
870 1074 902 1134 et
931 1068 1101 1134 Parmenio
1136 1073 1168 1134 et
1190 1068 1275 1154 Lyn-

250 1163 351 1224 cestes
365 1157 548 1224 Alexander
571 1163 603 1223 et
619 1158 733 1244 Clitus,
758 1163 916 1243 quantum
937 1158 977 1223 ad
995 1158 1105 1224 hostes
1123 1158 1274 1244 pertinet,

249 1249 372 1332 vivunt,
392 1253 479 1313 stant
502 1250 537 1313 in
556 1249 625 1315 acie
644 1252 677 1313 et
697 1250 809 1332 clipeis
829 1251 895 1313 suis
915 1252 950 1312 te
967 1251 1145 1333 protegunt
1164 1252 1196 1312 et
1214 1269 1274 1331 pro

231 1340 354 1423 ‘gloria
376 1342 441 1422 tua,
471 1360 530 1421 pro
554 1338 690 1403 victoria
712 1340 845 1403 vulnera
869 1338 1042 1421 excipiunt.
1090 1336 1214 1414 Quibus
1237 1341 1274 1400 tu
1294 1356 1310 1404 5

209 1454 235 1493 ro
249 1427 411 1513 egregiam
426 1428 564 1513 gratiam
579 1426 748 1492 rettulisti:
765 1428 847 1491 alius
861 1449 1005 1492 mensam
1017 1431 1107 1491 tuam
1118 1426 1274 1513 sanguine

250 1539 308 1580 suo
328 1517 495 1600 adspersit,
514 1516 597 1581 alius
617 1540 657 1581 ne
676 1516 816 1601 simplici
837 1517 967 1601 quidem
985 1520 1088 1581 morte
1104 1515 1274 1580 defunctus

249 1611 306 1670 est.
358 1606 463 1671 Duces
499 1607 699 1670 exercituum
732 1610 862 1670 tuorum
883 1606 928 1669 in
961 1605 1107 1670 eculeum
1140 1604 1272 1689 inposit'

248 1696 371 1781 Persis,
394 1718 476 1780 quos
495 1695 652 1778 vicerant,
679 1695 769 1760 fuere
794 1698 987 1779 spectaculo.
1033 1693 1204 1758 Parmenio
1228 1695 1276 1758 in-

249 1785 335 1849 dicta
354 1807 450 1849 causa
468 1784 649 1849 trucidatus
668 1789 726 1867 est,
746 1807 805 1868 per
823 1806 919 1868 quem
935 1783 1083 1849 Attalum
1103 1785 1274 1849 occideras.

209 1904 234 1942 15
249 1873 391 1937 Invicem
416 1876 501 1938 enim
525 1874 716 1938 miserorum
739 1874 841 1939 uteris
865 1874 1015 1937 manibus
1039 1878 1077 1937 ad
1097 1872 1276 1957 expetenda
1295 1892 1310 1939 6

250 1962 409 2046 supplicia
428 1967 469 2045 et,
493 1985 574 2045 quos
598 1963 695 2048 paulo
716 1966 790 2026 ante
809 1963 977 2027 ministros
996 1963 1103 2027 caedis
1122 1962 1275 2045 habuisti,

250 2052 359 2116 subito
392 2052 432 2115 ab
466 2052 538 2117 aliis
566 2052 658 2117 iubes
687 2053 861 2117 trucidari?
910 2050 1111 2136 Obstrepunt
1138 2050 1310 2118 subinde?

249 2143 358 2206 cuncti
380 2140 570 2224 Hermolao,
602 2145 694 2226 pater
722 2164 917 2226 supereum
949 2142 1124 2206 strinxerat
1153 2141 1275 2205 ferrum

249 2253 462 2315 percussurus
495 2230 580 2301 haud
615 2230 724 2314 dubie,
755 2232 791 2295 ni
823 2231 983 2295 inhibitus
1017 2234 1103 2295 esset
1134 2253 1153 2293 a
1186 2223 1275 2316 rege:

209 2350 235 2388 ao
250 2322 369 2406 quippe
393 2319 605 2384 Hermolaum
636 2320 740 2384 dicere
771 2320 869 2385 iussit
895 2320 1068 2404 petiitque,
1100 2324 1138 2384 ut
1162 2341 1275 2383 causas

195 2419 234 2472 25
250 2410 403 2495 supplicii
439 2414 610 2495 augentem
646 2410 810 2496 patienter
846 2410 1002 2474 audirent.
1056 2408 1164 2495 Aegre
1196 2426 1310 2494 erg08

250 2500 397 2564 coercitis
421 2520 533 2563 rursus
556 2498 764 2564 Hermolaus:
796 2498 912 2576 ‘Quam
935 2498 1135 2583 liberaliter',
1159 2498 1275 2582 inquit,

251 2589 371 2672 ‘pueris
395 2588 530 2652 rudibus
554 2589 595 2652 ad
619 2589 789 2653 dicendum
813 2610 907 2674 agere
926 2589 1101 2672 permittis!
1127 2592 1160 2651 at
1179 2585 1275 2652 Galli-

250 2680 374 2743 sthenis
404 2700 468 2743 vox
492 2700 618 2743 carcere
641 2678 767 2743 inclusa
791 2681 853 2757 est,
886 2678 962 2760 quia
986 2678 1073 2742 solus
1097 2680 1206 2760 potest
1229 2676 1275 2741 di·

323 2861 336 2907 1
358 2853 493 2925 inhibito]
516 2854 619 2908 inibito
643 2859 671 2907 r.
764 2859 779 2905 2
805 2851 990 2925 Callisthene]
1015 2852 1170 2908 calisthene
1194 2857 1274 2905 ΒΝ,

250 2925 367 2997 3Utor]
387 2927 422 2979 ab
441 2928 491 2980 hoc
508 2928 587 2980 verbo
600 2927 700 2995 incipit
713 2930 744 2978 R.
809 2925 916 2995 inquit]
935 2924 1034 2991 inquid
1049 2930 1080 2977 R.
1146 2923 1274 2977 4Mace·

250 2997 367 3067 donum]
386 2996 572 3051 macedonica
590 3002 619 3049 R.
708 2996 856 3067 saevitiae]
875 2994 1017 3049 saeuioiae
1035 3002 1091 3049 LV.
1179 3000 1194 3049 5
1214 3011 1230 3048 e
1247 3001 1273 3049 1:

251 3086 267 3119 a
286 3072 344 3119 AB.
427 3068 602 3139 6Philotas]
621 3068 755 3137 phylotas
774 3072 834 3133 PL,
853 3065 977 3137 philotas
995 3072 1052 3119 Β»
1114 3066 1274 3137 Parmenio]

250 3138 525 3264 iassiffinissssnlv't
582 3138 1014 3263 griffffltfflghtfiwieim]
1027 3144 1076 3261 Δ,Δ
1092 3137 1223 3262 111106εὲ61
1240 3144 1274 3281 12,

319 3227 376 3263 rs
467 3227 559 3263 cus
685 3254 690 3264 .
819 3224 1262 3265 escraseze.ce1s

251 3281 358 3350 clypeis
378 3285 398 3333 B
417 3300 451 3335 m.
468 3229 512 3350 pry
532 3286 587 3345 Π,
608 3281 727 3350 clippeis
741 3287 772 3336 R.
846 3283 875 3335 te
895 3227 945 3335 orii.
966 3287 992 3334 c.
1085 3286 1119 3333 10
1138 3228 1275 3334 rettriiisti

252 3355 410 3421 Zumptius:
425 3353 550 3406 retulisti
564 3357 622 3405 AB.
678 3354 818 3423 sanguine
836 3370 886 3407 suo
902 3352 1055 3425 adspersit]
1070 3352 1192 3422 aspersit
1210 3368 1274 3405 san-

251 3425 336 3495 guine
356 3440 406 3478 suo
425 3428 456 3477 Β.
518 3430 550 3478 11
570 3424 619 3507 ne]
637 3440 689 3478 nec
707 3430 739 3478 B.
801 3430 834 3477 13
854 3424 1016 3496 Parmenio]
1034 3424 1199 3494 parmoenio
1218 3428 1272 3477 BF.

252 3502 285 3550 16
305 3495 458 3568 supplicia]
478 3495 667 3565 etsupphcie
686 3500 759 3550 Bm.
775 3513 820 3565 pr·
924 3500 957 3550 18
977 3512 1061 3564 super
1079 3513 1144 3549 eum
1161 3497 1273 3565 scropsi:

251 3583 412 3636 supremum
427 3573 452 3635 0,
472 3582 653 3637 suppremum
672 3572 728 3620 ΡΒ.
790 3572 823 3621 19
843 3583 860 3621 a
878 3567 957 3638 rege]
981 3583 1065 3637 agere
1083 3572 1113 3619 Β.
1177 3571 1211 3620 20
1231 3567 1274 3620 di-

251 3655 314 3692 cere
332 3643 455 3692 om.1’R.
510 3638 651 3709 petiitque
669 3638 840 3694 Frobcniaa:
864 3638 993 3708 petitque
1013 3643 1071 3691 AB.
1145 3644 1177 3690 21
1198 3639 1274 3707 pati-

252 3712 342 3781 enter]
362 3711 508 3779 pacienter
526 3715 609 3775 HV,
627 3711 746 3780 poenter
764 3715 784 3762 B
804 3726 838 3764 m.
850 3727 896 3778 pr.
971 3715 1004 3763 it
1024 3709 1153 3763 coercitis
1165 3710 1274 3763 Vinde-

253 3784 339 3836 licus:
360 3782 497 3836 coercitus
513 3787 566 3847 GR,
586 3781 745 3836 cohercitns
762 3786 791 3835 Ρ.
868 3786 901 3835 23
921 3781 1076 3852 permittis]
1094 3780 1223 3850 permitis
1242 3787 1273 3837 V.

252 3854 294 3925 at]
314 3856 343 3907 et
362 3857 415 3906 cn.
453 3852 635 3916 Callisthenis
651 3859 678 3907 1:
700 3851 865 3913 calisthenis
883 3858 941 3921 GR,
960 3851 1124 3909 cholistenis
1141 3858 1169 3909 Ρ.
