3150 4459
490 425 748 479 HISTORIARUM
766 424 981 479 ALEXANDRI
999 426 1033 491 X,
1053 432 1077 479 5.
1230 424 1294 489 371

270 612 364 654 nores
383 611 518 675 negasse
537 591 567 653 ei
585 587 779 672 paenitebat,
798 588 969 672 inpiosque
989 593 1020 652 et
1037 588 1182 673 ingratos
1197 589 1297 652 fuisse

271 701 305 742 se
335 679 585 761 confitebantur,
618 678 705 761 quod
733 700 827 741 aures
856 678 925 741 eius
949 678 1057 742 debita
1081 680 1297 761 appellatione

218 774 255 828 16
269 769 479 832 fraudassent.
518 767 562 831 Et
586 788 658 830 cum
683 767 738 829 diu
761 768 902 830 nuncin
919 768 1135 849 veneratione,
1157 768 1297 831 nuncin

271 858 428 921 desiderio
452 858 538 941 regis
561 856 749 938 haesissent,
772 858 806 919 in
829 855 920 938 ipsos
943 878 1035 919 versa
1053 857 1216 920 miseratio
1239 859 1296 919 est.

244 946 460 1012 sMaoedonia
483 946 620 1029 profecti
643 945 729 1009 ultra
743 944 934 1028 Euphraten
957 947 993 1009 11
1016 945 1128 1009 mediis
1148 944 1297 1010 hostibus
1316 961 1353 1008 12

270 1057 390 1099 novum
418 1035 589 1117 imperinm
614 1034 861 1118 aspernantibus
885 1034 1058 1098 destitutos
1082 1057 1115 1098 se
1138 1057 1207 1098 esse
1231 1056 1297 1098 cer·

269 1124 402 1188 nebant:
422 1124 491 1187 sine
512 1127 599 1188 certo
618 1124 704 1208 regis
724 1123 850 1206 herede,
870 1123 938 1187 sine
953 1122 1069 1209 herede
1084 1125 1177 1207 regni
1191 1122 1293 1206 publi·

271 1235 323 1277 cas
355 1215 440 1277 vires
470 1213 510 1276 ad
548 1236 581 1276 se
615 1233 775 1296 quemque
796 1216 998 1276 tracturum.
1053 1211 1146 1277 Bella
1183 1212 1296 1275 deinde
1316 1227 1350 1277 18

271 1303 391 1384 civilia,
420 1325 501 1385 quas
525 1305 635 1366 secuta
658 1306 747 1384 sunt,
771 1302 934 1366 mentibus
959 1303 1215 1387 augurabantur:
1239 1302 1297 1365 ite-

230 1419 256 1459 11
270 1415 342 1455 rum
375 1413 438 1454 111
473 1392 511 1455 de
543 1412 645 1476 regno
669 1390 779 1468 Asiae,
814 1391 870 1454 sed
903 1390 942 1455 de
966 1413 1041 1476 rege
1064 1391 1144 1474 ipsis
1168 1391 1297 1475 sangui-

270 1502 343 1544 nem
366 1502 435 1545 esse
454 1480 662 1562 fundendum,
684 1478 778 1543 novis
797 1480 985 1544 vulneribus
1004 1483 1128 1544 veteres
1147 1501 1296 1564 rumpen-

271 1570 328 1633 das
359 1570 537 1634 cicatrices:
568 1591 677 1652 sencs,
708 1568 829 1632 debiles
853 1570 949 1634 modo
973 1569 1075 1653 petita
1098 1569 1252 1633 missione
1275 1586 1349 1633 114

270 1660 356 1722 11111
379 1680 455 1744 rege
478 1679 565 1722 nunc
587 1660 763 1722 morituros
786 1680 846 1742 pro
871 1659 1018 1742 potentia
1040 1658 1178 1722 forsitan
1202 1658 1295 1721 satel-

269 1747 337 1811 litis
368 1748 503 1812 alicuius
533 1747 697 1833 ignobilis.
749 1746 817 1810 Has
847 1748 1060 1832 cogitationes
1091 1746 1296 1811 volventibus
1316 1762 1349 1810 15

230 1865 255 1905 rs
269 1859 336 1899 nox
366 1837 551 1919 supervenit
582 1840 801 1919 terroremque
834 1838 932 1900 auxit.
984 1836 1104 1900 Milites
1135 1838 1169 1899 in
1199 1835 1296 1900 armis

269 1924 461 2010 vigilabant,
485 1925 658 2008 Babylonii
682 1925 764 1988 alius
788 1948 806 1988 e
828 1926 945 2007 muris,
978 1925 1059 1989 alius
1083 1925 1222 1989 culmine
1245 1924 1296 1988 sui

271 2016 406 2097 quisque
429 2015 507 2079 tecti
531 2014 782 2098 prospectabant
806 2016 898 2097 quasi
921 2014 1057 2077 certiora
1080 2013 1191 2077 visuri.
1227 2012 1296 2078 Nec
1316 2030 1349 2079 16

271 2105 441 2187 quisquam
464 2104 588 2167 lumina
612 2102 750 2166 audebat
773 2103 944 2167 accendere
968 2107 1008 2186 et,
1032 2104 1109 2187 quia
1128 2102 1296 2167 oculorum

271 2194 416 2257 cessabat
438 2215 525 2272 usus,
553 2192 700 2256 fremitus
725 2214 884 2276 vocesque
908 2192 1040 2255 auribus
1064 2193 1236 2275 captabant
1259 2212 1297 2255 ac

229 2308 256 2348 so
270 2282 459 2364 plerumque
496 2303 578 2345 vano
616 2285 704 2344 metu
741 2282 848 2345 territi
879 2302 938 2365 per
970 2282 1124 2345 obscuras
1157 2281 1296 2363 semitas,

270 2372 352 2433 alius
382 2370 438 2434 alii
466 2374 679 2448 occursantes,
709 2369 847 2434 invicem
871 2371 1012 2453 suspecti
1036 2392 1074 2435 11
1098 2371 1230 2435 solliciti
1253 2369 1298 2433 fe-

270 2461 431 2523 rebantur.
477 2458 594 2524 Persae
618 2458 717 2523 comis
742 2482 800 2524 suo
824 2481 913 2523 more
939 2459 1083 2523 detonsis
1108 2461 1141 2523 in
1164 2459 1296 2545 lugubri
1316 2475 1349 2523 17

270 2553 358 2612 veste
391 2570 463 2611 cum
497 2549 688 2634 coniugibus
721 2569 758 2612 ac
789 2549 902 2613 liberis
930 2571 997 2612 non
1024 2552 1061 2612 ut
1084 2549 1238 2612 victorem
1264 2551 1296 2611 et

270 2638 365 2701 modo
391 2637 456 2722 [ut]
480 2637 616 2718 hostem,
639 2638 696 2701 sed
719 2641 757 2701 ut
780 2638 887 2723 gentis
913 2660 989 2701 suae
1013 2638 1227 2701 iustissimum
1250 2658 1297 2699 re-

229 2754 256 2793 11
271 2749 343 2811 gem
374 2748 446 2791 vero
476 2726 651 2801 desiderio,
670 2725 826 2810 lugebant
849 2749 886 2792 ao
912 2728 996 2790 sueti
1015 2726 1075 2790 sub
1095 2747 1171 2811 rege
1192 2726 1296 2789 vivere

269 2838 334 2879 non
359 2815 472 2898 alium,
501 2816 556 2899 qui
580 2817 753 2900 imperaret
775 2816 869 2899 ipsis,
894 2817 1074 2900 digniorem
1097 2814 1198 2878 fuisse
1222 2835 1296 2878 con-

218 2912 253 2965 17
270 2905 454 2969 fitebantur.
500 2904 570 2969 Neo
598 2906 699 2969 muris
722 2904 814 2968 urbis
836 2906 944 2969 luctus
968 2903 1208 2985 continebatur,
1241 2903 1297 2967 sed
1316 2919 1349 2967 18

344 3104 357 3150 1
378 3097 554 3167 paenitebat]
580 3096 765 3166 poenitebant
784 3102 810 3149 0.
911 3097 1051 3168 ingratos]
1074 3096 1256 3165 ingratosque
1275 3100 1296 3147 1

191 3220 194 3228 ,
270 3187 304 3221 m.
323 3186 368 3237 pr.
479 3168 723 3239 tappellatione]
748 3168 920 3237 apellatione
946 3175 974 3221 P.
1084 3166 1295 3237 dhaesissent]

271 3240 390 3294 esissent
408 3245 439 3293 V.
522 3242 592 3293 5111
611 3239 713 3294 madiis
732 3240 892 3309 Zumptius:
913 3239 1013 3293 mediis
1032 3244 1063 3291 Δ.
1142 3238 1296 3291 611111111-

270 3312 314 3364 tos
334 3316 403 3364 Bm.
418 3328 481 3365 sec:
502 3311 648 3363 distitutos
667 3317 697 3363 Δ.
785 3316 801 3363 9
821 3311 927 3382 civilia]
947 3310 1026 3364 ciuili
1045 3317 1070 3363 0.
1162 3314 1195 3362 10
1213 3308 1295 3379 ipsis]

271 3382 326 3450 ipsi
341 3388 370 3434 V.
447 3389 478 3435 11
498 3382 683 3451 rumpendas]
697 3383 870 3450 rumpendas
883 3389 903 3434 P
987 3388 1019 3435 12
1035 3400 1053 3435 1
1066 3381 1171 3434 iustoB
1186 3398 1219 3433 11.
1231 3396 1294 3434 sec:

271 3454 345 3507 iusto
364 3458 395 3505 Δ.
502 3459 535 3505 14
554 3453 744 3524 volventibus]
764 3453 926 3508 uolentibus
946 3459 973 3505 1².
1082 3457 1113 3506 16
1133 3450 1295 3523 Babylonii]

270 3524 409 3578 babilonii
427 3531 455 3590 P,
475 3524 624 3578 babillonii
642 3530 673 3577 V.
762 3531 793 3578 17
815 3525 946 3595 quisque]
966 3524 1030 3592 quis
1049 3530 1076 3576 P.
1164 3523 1296 3592 certiora]

240 3621 243 3628 ·
271 3596 467 3649 cercioraLm.
474 3614 519 3665 pr.
529 3601 559 3649 V.
617 3595 803 3666 191111]111
813 3602 841 3649 P.
898 3602 932 3650 20
942 3595 1120 3666 plerumque]
1130 3594 1295 3663 plerumque

271 3684 343 3734 quae
364 3674 388 3719 c.
472 3673 506 3719 22
526 3667 613 3720 comis
633 3684 683 3721 suo
703 3668 873 3722 Palmarias:
894 3666 1041 3721 commisso
1061 3671 1091 3719 Δ.
1179 3669 1212 3717 23
1233 3682 1295 3717 cnm

272 3738 451 3809 coniugibus]
471 3738 638 3809 coningibus
659 3743 684 3790 0.
759 3745 793 3792 24
813 3739 869 3810 [ut]
888 3740 939 3793 del.
964 3739 1135 3793 Vindelicus.
1210 3740 1243 3803 25
1263 3753 1296 3788 ac

271 3810 356 3880 sueti]
378 3811 483 3863 assueti
503 3815 523 3862 B
537 3828 572 3863 11.
587 3827 636 3864 sec.
652 3815 733 3863 BLV.

1082 3898 1134 3949 24*
