3150 4459
256 472 281 529 x
368 452 370 455 ’
655 473 862 530 PRAEFATIO

258 646 330 704 duni
349 666 427 706 anno
446 665 532 705 unnv
550 665 603 721 per
625 645 802 705 Michaelem
822 644 958 722 Sylvium
975 644 1058 721 typis
1077 666 1226 721 expressa,
1245 648 1276 705 in

258 755 318 812 qua
336 737 425 795 multi
444 754 556 794 errores
574 736 704 811 primum
723 735 874 794 emendati
892 737 970 811 sunt,
992 754 1060 793 cum
1079 732 1276 811 praefationis

257 825 322 885 loco
346 826 505 902 epistulam
523 824 633 903 Angali
653 823 741 901 Oospi
760 825 955 884 Bononiensis
979 824 1017 882 ad
1034 824 1178 883 Iacobum
1197 826 1275 885 Ban-

257 915 371 973 nissum
389 914 554 989 exhiberet,
578 913 708 990 Oospum
725 915 803 972 hanc
822 912 908 973 Curti
930 914 1091 974 editionem
1115 915 1276 974 correxisse

258 1004 473 1076 existimabam,
492 1003 544 1063 sed
556 1006 661 1080 postea
676 1003 739 1062 vidi
757 1004 843 1062 illam
857 1003 1018 1079 epistulam
1035 1023 1180 1063 unacum
1200 1000 1276 1064 ‘vita

256 1093 419 1152 Alexandri
441 1094 546 1170 Magni
570 1114 604 1150 ex
626 1093 711 1152 libris
730 1092 924 1151 histon'arum
946 1093 979 1151 in
1005 1094 1212 1169 compendium
1232 1113 1275 1152 re·

257 1183 345 1242 dacta
358 1184 400 1242 Io.
415 1183 561 1241 Monaoho
575 1182 699 1241 authore
714 1185 744 1240 et
758 1182 873 1259 Angalo
885 1181 981 1257 Gospo
991 1183 1174 1241 Bononiensi
1184 1183 1275 1241 inter-

256 1269 350 1347 prete’
377 1272 451 1349 ipsis
471 1270 555 1330 Curti
573 1271 671 1331 verbis
696 1274 860 1347 praemissa
887 1272 923 1330 ab
950 1271 1062 1331 editore
1086 1272 1275 1347 desumptam

257 1380 319 1421 esse
339 1381 373 1420 ex
387 1362 473 1435 libro,
493 1363 545 1437 qui
560 1381 637 1420 anno
651 1380 752 1421 unxvr
765 1360 899 1420 Viennae
914 1361 1086 1421 Pannoniae
1101 1382 1155 1437 per
1169 1361 1274 1421 Hiero-

255 1472 380 1526 nymum
398 1451 550 1510 Victorem
568 1453 730 1525 impressus
750 1452 938 1510 inscribitur:
963 1446 1099 1510 ‘Diodori
1117 1451 1188 1510 libri
1207 1452 1274 1525 duo,

255 1540 369 1616 primus
388 1540 424 1599 de
440 1540 575 1616 Philippi
594 1541 757 1599 aliorumve
771 1542 959 1615 quorundam
972 1541 1137 1601 illustrium
1156 1540 1274 1616 ducum,

256 1630 333 1689 alter
351 1631 386 1688 de
401 1629 563 1688 Alexandri
581 1629 669 1689 rebus
688 1630 789 1708 gestis.
827 1630 995 1707 Utrumque
1012 1630 1164 1689 latinitate
1185 1631 1273 1690 dona·

255 1719 300 1778 vit
317 1719 451 1796 Angelus
475 1718 587 1794 (lospus
610 1714 828 1779 Bononiensis'.
866 1718 924 1778 Sed
950 1721 998 1778 cui
1023 1722 1084 1778 iam
1111 1719 1273 1796 (lospianas

254 1809 323 1867 illas
341 1808 563 1868 emendationes
577 1809 717 1883 tribuam,
731 1809 819 1869 valde
834 1809 947 1884 dubito,
962 1828 1029 1868 oum
1038 1810 1121 1869 illius
1133 1809 1273 1870 editionis

255 1899 436 1974 exemplaria
443 1898 638 1974 bibliopolam
647 1898 759 1974 partim
771 1898 935 1957 Antonium
945 1898 1146 1973 Vincentium,
1161 1902 1274 1975 partim

254 1987 396 2046 Ioannem
415 1987 599 2046 Frellonium
618 1988 778 2063 appellent,
797 1987 829 2046 id
848 1988 928 2064 quod
950 1990 1041 2047 etiam
1059 1988 1091 2046 in
1110 1987 1178 2047 aliis
1198 1991 1273 2049 eius·

254 2077 322 2134 dem
340 2079 449 2137 aetatis
473 2077 653 2136 editionibus
675 2077 925 2156 Lugdunensibus
949 2078 1126 2154 scriptorum
1150 2078 1274 2139 Latino·

254 2186 319 2224 rum
347 2185 418 2225 cura
443 2166 565 2225 Ioannis
591 2167 745 2225 Bouhiorii
769 2167 819 2226 vel
845 2167 968 2228 Ioannis
993 2168 1133 2227 Raenerii
1158 2170 1273 2243 paratis

254 2256 388 2315 videmus
407 2257 520 2315 factum
540 2274 610 2315 asse.

320 2344 420 2402 Unum
438 2346 540 2422 restat,
559 2348 593 2403 ut
608 2345 753 2420 omnibus,
773 2347 826 2421 qui
839 2348 901 2405 sive
916 2346 1066 2405 codicibus
1080 2348 1274 2422 inspiciendis

254 2436 316 2494 sive
334 2434 419 2492 libris
443 2434 665 2495 commodandis
684 2437 746 2494 sive
770 2435 902 2495 consiliis
926 2436 1031 2494 dandis
1054 2436 1117 2494 sive
1140 2437 1272 2513 plagulis

254 2524 436 2601 corrigendis
465 2524 565 2584 studia
597 2543 664 2583 mea
691 2525 883 2599 adiuverunt,
916 2528 1030 2603 gratias
1063 2544 1152 2603 agam
1181 2546 1272 2601 quam

253 2632 405 2673 mammas

319 2756 456 2815 Dabam
475 2757 760 2817 Freienwaldiae
779 2758 855 2833 prid.
874 2756 910 2816 Κ.
929 2757 995 2816 Iun.
1016 2774 1209 2818 nnoooovm.

841 2928 1030 2997 lldmundns
1054 2928 1208 2997 Hedicke.

324 3662 354 3715 P.
370 3666 421 3716 338
440 3679 465 3716 v.
482 3668 514 3715 19
534 3662 604 3717 dele
623 3678 749 3717 comma
765 3668 843 3730 poet
860 3664 982 3731 gentem.

323 3733 354 3787 P.
370 3739 419 3787 371
440 3752 464 3787 v.
481 3741 514 3788 25
533 3734 604 3788 dele
623 3749 751 3788 comma
765 3740 843 3802 post
861 3732 1008 3787 desiderio.
