3150 4459
321 461 363 524 70
698 462 730 527 Q.
750 461 859 516 CUR'I'I
877 461 963 515 RUFI

321 647 457 708 cumque
481 626 513 689 id
533 647 628 689 omen
646 630 743 709 prot
729 626 805 690 ris
806 626 817 689 i
791 629 859 689 a
877 626 1039 711 plerisque
1059 631 1143 691 essct
1161 628 1341 710 acceptum

320 714 523 798 respondisse
558 738 596 779 va
596 717 658 796 tes,
695 737 845 801 magnam
878 714 967 779 illam
1000 715 1110 780 urbem
1146 715 1341 780 advenarum

319 802 535 887 frequentiam
559 804 716 869 culturam
723 855 732 886 ,
760 804 852 868 mult
829 808 935 890 trsque
963 827 1033 870 eam
1063 805 1157 869 terris
1186 805 1341 869 alimenta

320 893 547 978 praebituram

286 1000 301 1047 ι
388 981 519 1067 Regem,
535 1004 608 1047 cum
623 984 761 1048 secundo
777 1006 865 1048 amm
857 984 1034 1048 'tdefluere
1034 1035 1043 1068 ,
1020 983 1192 1067 tadsequi
1208 983 1341 1067 cupiens
1354 984 1385 1042 tt

320 1071 452 1156 Hector,
465 1071 687 1138 Parmenionis
699 1072 797 1157 filius,
811 1074 929 1138 eximio
945 1072 1057 1138 aetatis
1072 1073 1160 1157 flore,
1179 1072 1213 1136 in
1227 1072 1340 1156 paucis
1364 1097 1375 1137 ι

320 1159 505 1226 Alexandro
520 1183 622 1244 carus,
640 1185 775 1265 parvum
792 1162 958 1315 navitgium
978 1162 1165 1228 conscendit
1151 1161 1342 1246 tpluribus,

285 1269 418 1335 squam
450 1273 563 1337 capere
595 1255 719 1335 posset,
751 1252 912 1337 inpositis
967 1251 1081 1335 Itaque
1114 1274 1219 1317 mersa
1251 1250 1342 1316 navis

322 1362 433 1405 omnes
457 1341 612 1406 destituit.
659 1339 743 1405 Hect
729 1344 781 1405 tor
809 1342 863 1406 diu
888 1341 1015 1406 flumini
1039 1341 1151 1407 obluct
1137 1344 1239 1425 t,atus
1270 1362 1342 1405 cum

321 1430 453 1495 madens
476 1434 548 1495 rest
550 1429 577 1494 is
600 1434 632 1494 et
619 1430 798 1495 tadstricti
818 1431 956 1535 crepidis
979 1432 1076 1515 pedes
1098 1435 1209 1496 natare
1232 1430 1344 1515 prohi-
1356 1454 1379 1494 ιι

321 1521 484 1605 berent,
475 1542 509 1583 ιιι
536 1520 638 1604 ripam
663 1524 771 1585 tamen
796 1522 992 1585 semianimis
1016 1520 1119 1585 evasit
1147 1524 1192 1603 et,
1219 1524 1258 1584 ut
1281 1520 1343 1605 pri-

322 1632 410 1674 mum
433 1610 550 1712 fatigat
551 1631 589 1674 us
613 1609 707 1693 spirit
708 1633 763 1674 um
786 1609 921 1693 laxavit,
951 1632 1047 1694 quem
1070 1613 1176 1674 metus
1205 1613 1238 1675 et
1262 1610 1344 1694 peri·

323 1698 464 1764 culum
455 1702 504 1763 rnt
490 1699 645 1783 etnderat
667 1698 758 1763 nuilo
777 1699 1015 1764 adiuvante—
1040 1699 1161 1783 quippe
1183 1698 1219 1762 in
1243 1699 1344 1763 diver-

288 1807 395 1854 asum
425 1792 593 1853 evaserant
578 1788 751 1853 talii—
782 1789 946 1853 exanimat
946 1812 984 1853 us
1015 1792 1072 1853 est.
1050 1787 1248 1853 tAmissi
1277 1789 1344 1853 eius

324 1878 480 1943 desiderio
506 1877 674 1943 vehement
660 1881 710 1942 etr
733 1878 882 1943 adflictus
906 1881 954 1942 est
975 1882 1202 1962 repertumque
1226 1899 1344 1962 corpus
1359 1899 1382 1941 ιι

323 1967 496 2053 magnifico
520 1967 638 2031 extulit
661 1968 780 2032 funere.

392 2055 546 2122 Oneravit
562 2056 648 2121 hunc
667 2057 811 2122 dolorem
829 2059 963 2123 nuntius
982 2057 1096 2122 mortis
1115 2054 1346 2140 Andromachi,

325 2168 419 2231 quem
439 2147 636 2230 praefecerat
656 2145 780 2232 Syriae:
800 2148 909 2211 vivum
926 2145 1101 2212 Samaritae
1116 2150 1345 2212 cremaverant.

273 2257 305 2304 10
325 2235 377 2301 Ad
418 2236 510 2301 cuius
551 2236 717 2300 interitum
759 2236 1000 2319 vindicandum,
1043 2239 1163 2321 quanta
1203 2236 1347 2300 maxima

326 2326 489 2391 celeritate
513 2326 630 2410 potuit,
659 2326 833 2409 contendit,
861 2325 1107 2409 advenientique
1135 2329 1211 2389 sunt
1233 2325 1347 2389 traditi
1361 2348 1384 2388 ιι

273 2436 304 2483 11
326 2417 409 2481 tanti
438 2413 567 2480 sceleris
598 2418 753 2480 auctores.
805 2414 1032 2481 Andromacho
1062 2415 1175 2479 deinde
1205 2414 1348 2480 Menona

327 2504 497 2571 substituit
520 2505 718 2588 adfectisque
741 2504 917 2589 supplicio,
946 2505 1002 2588 qui
1025 2508 1205 2590 praetorem
1229 2503 1348 2570 intere-

326 2598 461 2677 merant,
479 2597 644 2678 tyrannos,
662 2594 746 2659 inter
765 2616 846 2678 quos
866 2594 1167 2679 Methymnaeorum
1186 2592 1348 2659 Aristoni-

327 2706 400 2749 cum
424 2689 457 2747 et
480 2682 663 2766 Stesilaum,
686 2683 898 2769 popularibus
922 2684 988 2748 suis
1012 2683 1158 2749 tradidit:
1187 2704 1270 2767 quos
1297 2682 1348 2748 illi

327 2774 368 2839 ob
392 2772 526 2839 iniurias
550 2776 655 2837 tortos
678 2778 881 2841 necaverunt.
1362 2793 1386 2835 ιι

275 2885 307 2931 ιι
394 2862 642 2927 Atheniensium
663 2863 786 2946 deinde,
810 2863 1010 2928 Rhodiorum
1036 2866 1069 2926 et
1088 2861 1242 2927 Chiorum
1261 2855 1349 2949 leg'a-

327 2957 378 3017 ιιι
407 2953 509 3017 audit:
538 2950 752 3017 Athenienses
776 2954 843 3017 vict
844 2953 946 3017 oriam
970 2956 1043 3037 grat
1029 2951 1281 3031 ulabanturet,
1311 2956 1350 3016 ut

328 3046 401 3127 capt
403 3042 447 3109 iri
472 3041 667 3106 Graecorum
691 3044 757 3108 suis
781 3042 1037 3126 restituerentur,
1061 3041 1204 3122 orabant,
1227 3040 1349 3105 Rhodii

276 3152 308 3199 13
327 3138 372 3250 et
386 3131 459 3197 Chii
484 3133 522 3195 de
545 3131 705 3215 praesidio
726 3131 951 3215 querebantur.
998 3130 1118 3196 Omnes
1142 3152 1244 3214 aequa
1267 3129 1350 3195 desi·

390 3244 634 3373 afraqucntiam]
649 3289 883 3373 frequentiumv.
941 3288 1043 3342 oHect
1031 3291 1114 3343 to:rI
1134 3289 1294 3342 haectorA.

327 3361 862 3430 Parmenionis1:parmoenionish.
972 3367 987 3413 8
1013 3361 1156 3431 inpositis]
1187 3359 1350 3429 inpotisv.

329 3434 473 3488 9Hector
500 3440 525 3486 1:
555 3433 671 3487 haector
698 3439 728 3486 Δ
839 3439 872 3487 10
904 3432 1098 3504 prohiberent]
1131 3430 1294 3501 proiberent
1322 3438 1350 3486 Ρ

330 3513 362 3559 13
389 3505 561 3575 intenderat]
586 3505 745 3560 intenderet
773 3510 792 3557 1.
816 3524 850 3559 ιι.
870 3523 915 3573 pr.
1027 3509 1058 3557 18
1088 3505 1183 3575 quern]
1212 3519 1298 3571 quam
1322 3510 1351 3557 1..

330 3584 362 3632 19
381 3578 506 3631 maxima
525 3577 685 3632 Acidaliae:
705 3576 826 3630 maxime
845 3581 875 3629 A.
964 3583 995 3629 21
1016 3577 1137 3629 Menona
1157 3575 1350 3631 Blaaoardas:

328 3665 477 3702 memnona
496 3654 525 3701 Δ.
587 3654 620 3702 23
640 3650 714 3702 inter
732 3664 802 3717 quos
823 3649 950 3702 Medias:
970 3648 1100 3717 interque
1120 3653 1150 3700 Δ.
1210 3646 1351 3714 Methym·

328 3736 462 3774 naeorum
481 3720 649 3775 Frobeaius:
669 3720 906 3773 methimneorum
925 3725 955 3772 A.
1012 3726 1045 3772 24
1068 3718 1219 3772 Stesilaum
1237 3720 1351 3789 scripsi:

329 3791 461 3846 ersilaum
480 3797 509 3845 Δ.
585 3798 617 3845 25
637 3792 738 3862 tortos]
758 3792 847 3845 tortas
862 3797 882 3843 P
900 3810 934 3844 ιιι.
945 3810 991 3860 pr.
1065 3796 1098 3843 27
1119 3789 1352 3863 gratulabantur]

319 3864 517 3932 gratabantur
535 3870 560 3917 c.
634 3869 667 3917 29
688 3879 779 3930 aequa
800 3864 927 3917 Medias:
948 3879 1037 3931 eaque
1055 3869 1083 3929 P,
1103 3876 1210 3931 eaquae
1230 3868 1255 3914 c.
