3150 4459
432 425 685 480 HlSTORlARUM
703 425 918 481 ALEXANDBI
935 427 969 495 V,
990 433 1088 482 1213.
1211 426 1274 492 145

252 590 363 673 mum',
397 589 516 674 inquit,
550 591 656 674 ‘opus,
689 590 745 653 sed
770 590 864 654 labor
886 590 1094 655 brevissimus
1119 594 1274 675 superest.

253 678 377 743 Dareus
409 679 495 742 haud
528 681 643 763 procul
674 679 849 744 destitutus
877 701 895 742 a
919 679 986 744 suis
1010 683 1067 744 aut
1089 701 1273 764 oppressus:

253 768 287 832 in
310 768 367 832 illo
391 789 524 852 corpore
547 768 654 851 posita
678 770 726 832 est
748 772 859 833 nostra
882 768 1027 853 victoria,
1056 772 1088 833 et
1110 772 1201 833 tanta
1223 790 1274 832 res

253 857 426 921 celeritatis
460 861 509 921 est
540 858 739 940 praemium?
786 855 906 922 Omnes
929 858 1052 941 pariter
1074 859 1309 923 conclamants

226 950 384 1030 aparatos
413 946 503 1030 ipsos
527 949 631 1031 sequi:
664 967 724 1010 nec
744 947 850 1012 labori
872 967 932 1010 nec
954 947 1098 1031 periculo
1121 951 1274 1031 parceret.

252 1034 358 1120 Igitur
381 1037 500 1120 raptim
524 1056 640 1121 agmen
663 1057 776 1100 cursus
796 1038 900 1122 magis
920 1058 1016 1120 quam
1035 1036 1161 1100 itineris
1177 1036 1274 1100 modo

253 1124 342 1190 ducit
378 1146 418 1188 ne
454 1129 614 1189 nocturna
645 1124 774 1209 quidem
808 1126 916 1208 quiete
949 1125 1099 1189 diurnum
1129 1125 1275 1190 laborem

252 1215 425 1279 relaxante.
480 1213 593 1297 Itaque
625 1232 650 1278 Ι)
682 1213 786 1278 stadia
818 1214 989 1299 processit,
1021 1217 1311 1299 perventumqueo

253 1308 322 1367 erat
345 1303 379 1367 in
402 1304 519 1385 vicum,
542 1303 576 1366 in
600 1324 664 1386 quo
687 1302 830 1367 Dareum
851 1303 969 1368 Bessus
994 1302 1274 1389 conprehenderat.

212 1419 239 1459 ιο
252 1390 303 1456 Ibi
327 1392 449 1475 Melon,
482 1392 580 1456 Darei
612 1393 785 1477 interpres,
818 1392 990 1476 excipitur:
1024 1414 1158 1478 corpore
1182 1409 1310 1480 aeger?

251 1503 317 1546 non
342 1485 494 1565 potuerat
520 1503 636 1566 agmen
659 1480 794 1565 adsequi
817 1485 850 1546 et
873 1481 1089 1566 deprehensus
1113 1481 1276 1546 celeritate

251 1572 338 1657 regis
374 1570 573 1656 transfugam
613 1593 646 1634 se
683 1592 753 1636 esse
785 1571 967 1636 simulabat.
1027 1570 1079 1634 Ex
1109 1570 1172 1635 hoc
1205 1574 1277 1636 acta
1383 1568 1385 1571 ⁴

253 1661 427 1746 cognoscit.
470 1657 533 1724 Sed
561 1659 705 1745 fatigatis
732 1661 913 1725 necessaria
941 1661 1032 1744 quies
1055 1663 1136 1725 erat:
1166 1661 1311 1744 itaques

254 1749 386 1814 delectis
405 1747 550 1832 equitum
564 1766 602 1812 v1
615 1748 747 1813 milibus
764 1765 838 1834 cce,
857 1771 938 1833 quos
957 1749 1121 1814 dimachas
1136 1752 1276 1834 appella·

211 1863 238 1904 15
253 1840 345 1919 bant,
378 1837 535 1922 adiungit.
590 1838 696 1901 Dorso
728 1838 764 1902 hi
796 1840 947 1924 graviora
979 1860 1067 1904 arma
1094 1839 1277 1922 portabant,

253 1931 395 1993 ceterum
420 1928 511 2010 equis
535 1927 747 1992 vehebantur:
771 1948 846 1992 cum
869 1949 920 1991 res
943 1930 1098 2011 locusque
1120 1931 1277 2012 posceret,

252 2017 410 2101 pedestris
433 2017 516 2080 acies
540 2020 639 2081 erant.

198 2110 238 2165 36
320 2104 410 2170 Haec
423 2109 572 2192 agentem
581 2105 802 2171 Alexandrum
816 2106 936 2170 adeunt
949 2104 1080 2170 Orsines
1095 2108 1128 2171 st
1145 2104 1279 2171 Mithra·
1297 2124 1312 2172 9

254 2214 362 2260 cenes:
395 2195 487 2260 Bessi
518 2195 728 2279 parricidium
757 2195 848 2260 exosi
882 2195 1126 2279 transfugerant
1152 2195 1278 2259 nuntia-

212 2310 240 2350 ao
253 2285 395 2368 bantque
434 2284 537 2347 stadia
569 2302 593 2348 D
631 2284 743 2349 abesse
769 2283 899 2366 Persas,
929 2284 1018 2368 ipsos
1050 2284 1180 2349 brevius
1216 2284 1279 2349 iter

253 2378 500 2437 monstraturos.
536 2371 653 2438 Gratus
676 2373 746 2459 regi
760 2373 918 2438 adventus
941 2372 1182 2458 transfugarum
1206 2372 1277 2438 fuit.
1298 2391 1332 2439 10

253 2462 367 2546 Itaque
404 2463 508 2546 prima
540 2484 673 2545 vespera
706 2462 841 2527 ducibus
876 2462 978 2527 isdem
1016 2483 1089 2526 cum
1128 2462 1278 2547 expedita

254 2554 400 2636 equitum
425 2573 523 2615 manu
551 2555 763 2616 monstratam
792 2553 876 2617 viam
904 2551 1087 2637 ingreditur
1108 2551 1278 2637 phalange,

255 2645 411 2725 quantum
440 2640 593 2704 festinare
615 2644 739 2726 posset,
767 2641 859 2723 sequi
880 2641 976 2705 iussa.
1020 2639 1095 2726 Ipse
1120 2640 1277 2723 quadrato

212 2756 240 2795 ss
254 2731 383 2815 agmine
403 2729 552 2793 incedens
571 2731 617 2793 ita
636 2751 763 2795 cursum
782 2729 923 2817 regebat,
947 2733 984 2793 ut
1002 2730 1101 2815 primi
1125 2730 1280 2814 coniungi

254 2819 379 2883 ultimis
403 2824 543 2903 possent.
582 2835 646 2883 ccc
661 2818 763 2884 stadia
785 2822 1019 2904 processerant,
1042 2840 1115 2883 cum
1139 2819 1279 2882 occurrit
1298 2835 1331 2883 11

254 2907 491 2990 Brochubelus,
519 2907 642 2971 Mazaei
668 2908 770 2991 filius,
798 2906 910 2990 Syriae
943 2908 1105 2991 quondam
1135 2910 1279 2993 praetor:

255 2998 283 3061 is
314 3019 443 3081 quoque
471 2996 640 3081 transfuga
669 2997 842 3061 nuntiabat
864 2995 1001 3060 Bessum
1029 2996 1117 3059 haud
1140 2997 1278 3079 amplius

329 3248 342 3294 1
362 3241 467 3311 inquit]
486 3242 586 3311 inquid
605 3248 661 3296 LV.
744 3249 759 3295 2
778 3242 868 3314 haud]
887 3243 958 3296 haut
975 3249 1003 3296 1..
1086 3250 1103 3296 4
1121 3242 1279 3311 praemium

255 3330 307 3367 om.
322 3319 342 3365 P
356 3330 390 3365 m.
401 3330 447 3382 pr.
539 3314 690 3386 draptim]
709 3313 796 3368 ratim
813 3319 882 3368 Pm.
893 3332 939 3384 pr.
1033 3320 1065 3367 14
1086 3314 1215 3385 delectis]
1236 3313 1278 3366 di-

255 3384 337 3438 lectis
355 3389 383 3438 P.
489 3384 634 3438 dimachas
655 3386 824 3440 Glareanus:
851 3385 990 3439 dimichas
1009 3389 1039 3439 A.
1146 3391 1178 3439 17
1199 3388 1280 3439 erant

255 3457 412 3511 Beothius:
433 3458 494 3509 erat
512 3462 543 3510 A.
625 3462 658 3511 18
677 3456 790 3510 Orsines
809 3458 918 3525 scripsi:
940 3456 1037 3511 orsilos
1057 3460 1087 3510 A.
1161 3456 1279 3510 Mithra-

256 3544 339 3582 cenes
358 3532 384 3578 1:
409 3528 592 3582 mithracenis
611 3533 641 3582 A.
734 3533 766 3581 21
786 3527 1009 3599 transfugarum]
1033 3527 1230 3597 tranfugarum
1249 3533 1277 3581 B.

257 3605 291 3653 22
311 3606 523 3653 cumeram.
535 3617 581 3668 pr.
642 3604 676 3651 24
690 3598 778 3722 iussa]
793 3614 860 3652 ussa
872 3605 917 3651 Η
932 3617 967 3653 m.
977 3617 1022 3668 pr.
1083 3604 1117 3652 st
1132 3599 1278 3669 coniungi]

255 3671 370 3740 coniugi
384 3676 404 3722 Ρ
419 3690 453 3725 m.
464 3688 510 3739 pr.
567 3676 599 3723 27
623 3670 767 3724 Brochube
779 3671 825 3742 us]
844 3670 1106 3726 brachubelusBm.
1118 3688 1163 3740 pr.
1219 3670 1279 3723 Ma-

258 3744 317 3796 zaei
337 3744 440 3796 Aldus:
465 3742 555 3795 mazei
574 3747 604 3794 A.
702 3740 811 3812 Syriae]
836 3742 920 3795 siriae
940 3748 963 3794 c.
1062 3747 1096 3796 28
1115 3741 1280 3813 nuntiabat]

256 3814 390 3866 nuntibat
409 3821 438 3881 F,
457 3813 612 3867 nunciabat
625 3819 655 3867 V.
728 3813 818 3885 haud]
838 3816 887 3867 aut
906 3819 933 3866 P.

313 3913 417 3953 Gussms
432 3914 513 3954 Eurus
528 3913 562 3952 ed.
577 3913 602 3952 H
606 3912 715 3955 edicke.
744 3914 789 3955 Ed.
804 3914 888 3957 mutor.
1099 3905 1140 3953 AB
