3150 4459
464 449 717 505 HISTORIARUM
736 449 949 504 ALEXANDRI
968 450 1028 519 llll,
1048 457 1070 504 1.
1087 456 1111 504 1.
1252 450 1295 512 45

292 612 485 703 ,1)οῐθοί1εεὶ1
504 614 717 679 Macedonum
736 635 774 678 ex
792 610 925 678 Graecia
943 615 1045 679 accita
1062 614 1295 699 Aristomenen,

306 704 403 793 (Mad
430 704 633 788 Hellesponti
662 725 751 769 oram
778 704 1017 788 reciperandam
1046 728 1065 769 a
1092 703 1198 769 Dareo
1227 708 1296 769 erat

307 802 411 879 nlssus,
439 794 543 878 captis
573 793 642 858 eius
673 797 729 858 aut
759 794 878 858 eversis
907 793 1043 859 navibus
1074 797 1212 878 superat.
1266 791 1350 858 Aa?

306 868 414 948 Milesia
432 882 547 948 deinde
560 882 798 968 Pharnabazus,
816 882 998 966 praefectus
1012 882 1160 948 Persicae
1176 882 1297 967 classis,

220 989 221 1006 ¹
284 972 413 1045 ‘petuma
430 976 542 1038 exacta
561 974 593 1036 et
610 972 770 1057 praesidio
790 972 823 1035 in
842 972 954 1037 urbem
976 970 1092 1037 Chium
1110 973 1296 1038 introducto

302 1064 405 1126 curum
425 1062 562 1127 navibus
581 1060 729 1127 Andrum
753 1064 785 1126 et
804 1060 878 1125 inde
898 1059 1057 1145 Siphnum
1077 1063 1180 1145 petiit.
1226 1060 1296 1126 Has

298 1165 406 1236 quoque
429 1152 552 1217 insulas
576 1151 745 1236 praesidiis
769 1154 915 1234 occupat,
938 1151 1075 1235 pecunia
1098 1153 1224 1216 multat.

344 1240 536 1327 Magnitudo
565 1240 657 1326 belli,
686 1241 773 1324 quod
801 1241 841 1305 ab
866 1240 1121 1324 opulentissimis
1145 1240 1297 1326 Europae
1317 1255 1350 1305 38

219 1312 227 1346 i
286 1325 439 1415 Asiaeque
457 1331 588 1415 regibus
611 1331 646 1394 in
670 1352 759 1415 spem
779 1330 880 1394 totius
900 1329 988 1395 orbis
1009 1330 1186 1414 occupandi
1210 1351 1296 1414 gere-

253 1416 385 1505 cbatur,
415 1417 567 1486 Graeciae
596 1440 724 1504 quoque
752 1423 785 1483 et
813 1415 926 1483 Cretae
955 1442 1043 1484 arma
1071 1424 1297 1484 commoverat.

240 1505 242 1510 ’
277 1508 368 1597 Agis,
391 1508 720 1575 Lacedaemoniorum
744 1529 810 1590 rex,
838 1512 912 1576 octo
937 1508 1068 1573 milibus
1094 1507 1297 1591 Graecorum,
1318 1524 1350 1571 39

274 1620 405 1753 that
431 1596 859 1773 lttttss⁰ftttttt
884 1600 1297 1771 ttttttttttttt

272 1778 446 1843 Cretenses
464 1777 523 1841 has
542 1781 599 1842 aut
617 1775 689 1841 illas
704 1780 814 1861 partes
834 1778 935 1840 secuti
953 1797 1039 1841 nunc
1055 1774 1298 1860 Spartanorum,
1317 1792 1351 1839 10

227 1894 256 1936 rs
269 1889 364 1933 nunc
377 1866 590 1932 Macedonum
610 1865 779 1951 praesidiis
796 1867 1046 1948 occupabantur.
1094 1863 1156 1929 Sed
1176 1866 1298 1930 leviora

269 1958 363 2022 inter
392 1955 467 2020 illos
496 1956 586 2021 fuere
617 1955 803 2020 discrimina
833 1977 933 2019 unum
966 1959 1137 2038 certamen,
1165 1977 1204 2018 ex
1234 1977 1297 2038 quo

268 2049 383 2113 cetera
405 2045 598 2129 pendebant,
622 2045 767 2110 intuente
791 2044 929 2109 fortuna.

233 2144 249 2199 7
343 2133 412 2199 Iam
431 2138 502 2199 tota
521 2132 623 2218 Syria,
646 2134 710 2197 iam
729 2132 891 2198 Phoenice
910 2155 1038 2218 quoque
1058 2138 1192 2217 excepta
1211 2132 1296 2218 Tyro
1311 2139 1336 2192 II

268 2224 488 2290 Macedonum
516 2227 593 2307 erat,
616 2222 822 2306 habebatque
845 2245 902 2286 rex
926 2226 1030 2288 castra
1052 2223 1086 2286 in
1110 2224 1299 2303 continenti,

221 2343 253 2385 se
268 2338 294 2380 a
327 2335 393 2398 qua
424 2314 538 2378 urbem
570 2316 746 2399 angustum
778 2313 896 2377 fretum
929 2312 1062 2377 dirimit.
1117 2312 1234 2397 Tyros,
1266 2318 1333 2377 etr

270 2402 500 2490 magnitudine
542 2406 574 2466 et
610 2401 758 2466 claritate
795 2406 869 2466 ante
907 2423 1016 2466 omnes
1054 2401 1149 2467 urbes
1188 2401 1299 2485 Syriae

270 2492 519 2576 Phoenicesque
534 2491 763 2573 memorabilis,
777 2490 905 2556 facilius
920 2494 1106 2555 societatem
1122 2490 1299 2555 Alexandri

270 2584 449 2665 acceptura
472 2580 642 2645 videbatur
665 2602 762 2664 quam
786 2580 967 2663 imperium.
1015 2578 1175 2645 Coronam
1199 2582 1300 2665 igitur

271 2693 407 2738 auream
435 2671 554 2735 donum
585 2670 685 2754 legati
709 2669 896 2733 adferebant
920 2674 1183 2753 commeatusque
1210 2672 1300 2756 large

225 2791 255 2830 aa
272 2766 307 2827 et
327 2760 536 2845 hospitaliter
558 2781 597 2823 ex
618 2760 738 2844 oppido
758 2757 961 2823 advexerant.
1007 2757 1066 2823 Ille
1091 2758 1175 2823 dona
1199 2764 1235 2822 ut
1258 2760 1298 2823 ab

272 2851 391 2915 amicis
415 2847 518 2933 accipi
542 2848 638 2913 iussit
661 2849 863 2933 benigneque
887 2847 1012 2933 legatos
1031 2847 1201 2913 adlocutus
1221 2846 1301 2912 Her-

273 2940 357 3021 culi,
385 2960 481 3022 quem
511 2939 682 3022 praecipue
710 2937 802 3022 Tyrii
831 2939 987 3021 colerent,
1015 2937 1194 3002 sacrificare
1218 2937 1299 3003 velle

273 3051 310 3094 se
336 3028 431 3094 dixit:
459 3027 671 3093 Macedonum
694 3047 786 3111 reges
811 3026 937 3091 credere
966 3028 1006 3091 ab
1034 3025 1091 3091 illo
1120 3027 1179 3090 deo
1210 3028 1334 3111 ipsosa

274 3139 381 3205 genus
412 3116 535 3201 ducere,
566 3140 599 3181 se
632 3138 717 3199 vero,
747 3120 785 3180 ut
817 3116 850 3180 id
881 3116 1009 3199 faceret,
1040 3118 1137 3180 etiam
1170 3115 1299 3181 oraculo

348 3352 367 3399 4
384 3345 584 3401 Pharnabazus
608 3346 784 3399 Vindelicus:
805 3346 981 3399 barnabazus
1000 3350 1030 3399 Δ.
1112 3351 1127 3398 5
1148 3345 1248 3400 Chium
1267 3352 1299 3399 P:

274 3419 401 3473 hiumc.
475 3416 1300 3489 tHasMcdias:isBLP,hisFm.pc·.V[Pm.pr.?]

275 3488 549 3561 80pulentissimis]
578 3488 798 3558 opolentissimis
823 3495 851 3542 P.
963 3496 994 3543 11
1024 3489 1094 3558 Agis
1123 3490 1299 3543 Vindelicus:

275 3562 400 3632 hagisA.
449 3567 482 3615 14
492 3560 694 3630 Spartanorum
709 3562 885 3615 Vindelicus:
898 3560 1082 3628 parianorum
1092 3565 1121 3614 Δ.
1168 3565 1201 3613 18
1211 3560 1300 3613 Phoe-

275 3634 352 3705 nice]
367 3632 523 3702 phoenicae
537 3637 621 3698 HV,
635 3631 774 3701 phenicae
784 3638 812 3686 B.
870 3638 903 3685 10
918 3647 975 3699 qua
985 3634 1133 3687 Heinsius:
1150 3649 1205 3701 quo
1216 3636 1245 3684 Δ.

274 3706 378 3775 Tyros]
393 3703 588 3773 tircslmpr.
599 3709 630 3769 V,
640 3704 710 3757 tiras
720 3710 748 3757 1..
797 3710 829 3757 11
844 3703 954 3774 Syriae]
967 3703 1051 3757 siriae
1062 3710 1088 3757 P.
1109 3725 1112 3731 ·
1136 3710 1170 3756 11
1180 3703 1299 3756 Phoeni-

274 3791 379 3847 cesque
394 3776 563 3832 Prodemus:
578 3775 779 3845 phoenicisque
796 3783 822 3843 c,
837 3774 1040 3843 phoenicisque
1054 3780 1082 3828 P.
1139 3780 1173 3827 18
1191 3775 1267 3843 ipsos
1284 3780 1301 3825 c

273 3849 337 3920 ipso
358 3853 386 3901 1³.
