3150 4459
485 464 738 517 fflsrcamRUM
756 463 973 517 ALEXANDRI
989 464 1024 531 V,
1044 470 1108 519 11.
1241 464 1302 528 121

282 627 403 691 sultare
426 627 537 711 modo,
565 628 643 711 quid
673 627 833 713 agendum
858 630 955 709 esset,
984 628 1039 691 sed
1062 632 1152 691 vates
1177 650 1305 711 quoque

281 716 434 780 adhibere
458 717 564 800 coepit
588 739 607 779 a
630 716 861 801 superstitione
885 716 993 780 animi.
1040 714 1103 781 Sed
1128 717 1205 800 quid
1228 722 1340 782 tunca

281 806 466 889 praedicere
489 805 695 890 Aristander,
722 806 775 870 cui
798 810 869 869 tum
892 805 1069 889 plurimum
1093 806 1243 870 credebat
1266 828 1305 870 ex

281 895 419 977 vatibus,
442 895 591 978 poterat?
628 894 743 979 Itaque
767 895 927 958 damnatis
950 896 1188 979 intempestivis
1212 896 1305 959 sacri-
1393 910 1395 913 ’

256 985 364 1049 1111111
400 986 521 1067 peritos
553 985 700 1049 locorum
734 986 906 1076 convocari,
936 984 1039 1049 iubet:
1072 1006 1130 1068 per
1165 984 1305 1049 Mediam

282 1073 344 1136 iter
367 1073 580 1137 ostendebant
602 1078 711 1138 tutum
734 1078 953 1157 apertumque.
996 1071 1059 1138 Sed
1082 1096 1138 1138 rex
1162 1074 1341 1142 desereres

282 1162 401 1226 milites
425 1163 603 1246 insepultos
627 1164 835 1228 erubescebat
857 1165 903 1228 ita
926 1163 1046 1227 tradito
1070 1185 1173 1247 more,
1192 1167 1229 1227 ut
1251 1164 1307 1227 vix

282 1252 384 1316 ullum
415 1252 550 1316 militiae
583 1255 650 1316 tam
679 1253 835 1317 sollemne
864 1256 947 1317 esset
977 1274 1095 1316 munus
1124 1274 1221 1335 quam
1248 1253 1306 1316 hu-

282 1342 391 1404 mandi
406 1363 490 1405 snos.
524 1342 678 1426 Captivos
693 1364 780 1427 ergo,
795 1364 876 1425 quos
889 1364 993 1425 nuper
1008 1346 1184 1426 exceperat,
1198 1342 1307 1406 vocari

242 1456 268 1494 ιο
283 1430 381 1493 iubet.
431 1429 519 1495 Inter
555 1453 636 1515 quos
669 1435 737 1495 erat
771 1431 899 1515 quidam
930 1429 1069 1495 Graecae
1096 1430 1344 1515 Persicaeque4

283 1520 413 1605 linguae
431 1522 565 1604 peritus,
590 1523 646 1604 qui
664 1522 785 1586 frustra
809 1543 882 1585 eum
905 1520 941 1585 in
958 1520 1123 1585 Persidem
1146 1522 1307 1586 montium

284 1609 379 1673 dorso
408 1611 584 1674 exercitum
609 1610 725 1675 ducere
748 1611 906 1692 adfirmat,
934 1611 1098 1675 silvestres
1118 1632 1186 1675 esse
1211 1609 1308 1675 calles

283 1699 338 1761 vix
362 1700 499 1785 singulis
521 1700 661 1783 pervios,
684 1701 793 1765 omnia
809 1700 938 1786 contegi
952 1698 1122 1764 frondibus
1146 1699 1308 1784 inplexos-

283 1810 346 1870 que
365 1789 516 1852 arborum
535 1811 642 1853 ramos
666 1789 763 1854 silvas
782 1790 992 1854 committere.
1028 1787 1178 1872 Namque
1201 1788 1308 1853 Persis
1328 1808 1344 1855 s

243 1902 268 1941 15
283 1877 324 1940 ab
344 1878 445 1941 altero
460 1878 559 1942 latere
574 1879 739 1962 perpetuis
754 1878 915 1943 montium
929 1879 1015 1963 iugis
1030 1877 1200 1942 clauditur.
1236 1877 1308 1957 Hoc

284 1967 424 2050 dorsum,
443 1967 531 2050 quod
544 1968 578 2030 in
592 1968 830 2053 longitudinem
845 1984 929 2049 unc,
946 1968 980 2031 in
994 1967 1200 2032 latitudinem
1216 1984 1309 2031 ccxx

283 2056 387 2120 stadia
415 2058 589 2141 procurrit,
618 2080 637 2120 a
666 2056 809 2122 Caucaso
837 2062 947 2121 monte
976 2056 1015 2119 ad
1044 2055 1191 2120 Rubrum
1219 2078 1308 2121 mare

283 2145 432 2229 pertinet,
457 2168 584 2230 quaque
608 2146 725 2210 defecit
747 2168 850 2231 mons,
874 2147 961 2211 aliud
981 2147 1225 2229 munimentum,
1248 2146 1308 2210 fre·

284 2241 363 2318 tum,
383 2235 544 2300 obiectum
564 2241 621 2301 est.
653 2236 810 2301 Planities
829 2236 943 2300 deinde
961 2236 1020 2299 sub
1038 2235 1200 2299 radicibus
1219 2256 1308 2300 mon·
1328 2256 1345 2303 e

241 2346 268 2385 20
284 2326 366 2387 tium
397 2326 540 2408 spatiosa
562 2325 756 2408 procumbit,
780 2326 898 2390 fertilis
921 2328 1007 2389 terra
1030 2325 1206 2408 multisque
1229 2325 1308 2389 vicis

284 2418 380 2497 atque
405 2415 539 2478 urbibus
553 2415 715 2497 frequens.
751 2414 875 2479 Araxes
899 2414 1003 2477 amnis
1021 2436 1080 2497 per
1101 2412 1161 2479 hos
1177 2435 1308 2498 campos
1329 2434 1344 2482 7

284 2504 461 2567 multorum
485 2526 585 2587 aquas
608 2504 802 2569 torrentium
827 2504 947 2569 evolvit
970 2506 1003 2567 in
1027 2502 1170 2567 Medum:
1194 2503 1308 2567 Medus

191 2592 192 2597 ’
283 2592 323 2656 ad
347 2615 435 2657 mare
458 2593 497 2656 ad
521 2594 688 2657 meridiem
707 2616 818 2658 versus
833 2593 997 2657 —minor
1020 2592 1122 2656 amnis
1146 2613 1193 2674 eo,
1213 2614 1309 2675 quem

284 2684 464 2765 accepit-
480 2683 636 2764 evehitur,
659 2682 904 2769 gignendaeque
922 2682 1040 2746 herbae
1064 2703 1129 2745 non
1153 2682 1236 2745 alius
1260 2687 1344 2749 1118

242 2793 268 2832 aa
284 2773 399 2855 aptior,
422 2772 581 2855 quidquid
604 2772 716 2855 adluit,
738 2772 875 2836 floribus
894 2771 1041 2835 vestiens.
1078 2770 1207 2834 Platani
1231 2793 1309 2854 quo-

286 2883 347 2944 que
371 2866 403 2925 et
421 2861 534 2945 populi
555 2866 732 2947 contegunt
755 2863 853 2946 ripas,
876 2862 922 2925 ita
945 2865 981 2924 ut
1000 2859 1115 2944 procul
1129 2860 1309 2924 visentibus

285 2951 472 3014 continuata
491 2951 661 3015 videantur
673 2951 840 3016 montibus
854 2972 987 3015 nemora
1001 2950 1153 3034 riparum.
1182 2947 1309 3033 Quippe

358 3152 372 3195 1
392 3144 605 3215 superstitione]
620 3144 824 3212 supersticione
839 3150 866 3197 P.
921 3145 990 3196 tuuc
1011 3143 1187 3196 Vindelicus:
1202 3144 1264 3195 tum
1278 3146 1309 3196 Δ.

286 3222 300 3269 3
321 3217 367 3269 cui
390 3217 463 3288 tum]
488 3216 626 3270 cumitum
647 3223 673 3268 0.
776 3223 792 3269 ὁ
817 3215 963 3269 convocari
984 3214 1075 3285 iubet]
1099 3213 1179 3266 iubet
1204 3230 1308 3267 conuo-

285 3288 342 3340 cari
357 3294 385 3340 1³.
468 3288 604 3359 Mediam]
630 3287 755 3341 medium
774 3292 882 3339 BFPV.
967 3284 1142 3355 fideserere]
1162 3284 1309 3339 deferre?

285 3378 318 3412 ra.
329 3377 374 3427 pr.
468 3360 544 3413 lita
558 3365 584 3412 1:
604 3359 701 3427 itaque
720 3363 750 3413 Δ.
825 3356 1003 3428 8sollemnc]
1019 3356 1143 3410 solemne
1157 3361 1186 3411 Ρ.
1257 3356 1309 3409 hu-

284 3431 393 3501 mandi]
408 3431 561 3484 humandi*
577 3437 605 3484 1³.
664 3438 698 3484 11
712 3430 774 3484 Hoc
788 3430 903 3483 dorsum
917 3429 1014 3498 poscit
1032 3434 1096 3482 aare
1114 3428 1189 3495 quod
1214 3428 1309 3511 Vogel,

280 3510 344 3570 post
362 3503 503 3571 procurrit
520 3507 551 3555 Δ.
616 3509 648 3555 16
668 3501 889 3572 longitudinem]
908 3499 1088 3571 longitudine
1102 3503 1164 3564 BV,
1184 3499 1309 3568 longitu-

286 3574 359 3626 dune
374 3580 402 3627 F.
464 3574 532 3645 nnc]
550 3576 717 3639 1111111311,
736 3580 815 3640 551³,
834 3574 908 3625 'ficta
925 3570 1005 3624 milia
1023 3576 1054 3625 V.
1114 3570 1308 3642 latitudinem]

285 3645 467 3699 altitudinem
486 3651 567 3700 ΕΠ.
659 3649 692 3699 18
711 3643 931 3714 munimentum]
954 3642 1158 3697 monimentum
1177 3647 1198 3694 Ρ
1216 3660 1251 3695 m.
1261 3658 1307 3711 pr.

287 3723 318 3769 19
334 3716 469 3769 Planities
484 3723 510 3769 1:
525 3717 663 3785 planicies
678 3722 709 3771 Δ.
765 3723 798 3770 22
815 3716 916 3787 aquas]
933 3732 984 3769 om.
999 3719 1019 3766 B
1034 3732 1067 3767 m.
1079 3730 1124 3783 pr.
1181 3712 1308 3784 Medum]

284 3789 409 3842 medium
429 3794 497 3842 Fm.
508 3807 553 3857 pr.
615 3795 648 3842 25
669 3789 773 3861 aptior]
798 3788 878 3842 abcio
898 3792 966 3840 Pm.
977 3803 1022 3855 pr.
1083 3783 1208 3854 Platani]
1227 3783 1308 3853 plan-

283 3860 345 3913 tani
363 3866 431 3914 111.
442 3879 489 3929 pr.
