3150 4459
323 436 390 501 214
702 435 733 501 o.
753 434 967 490 3331111311
1063 419 1065 424 ’

270 619 304 668 18
322 600 439 664 ultimo
459 600 587 686 agmine
605 598 731 663 itineris
750 599 968 683 multiplicato
988 598 1098 663 labore
1113 598 1235 662 aderat.
1270 598 1355 664 Tau·

324 687 395 753 dem
419 688 458 751 ad
481 688 552 753 loca
575 687 712 755 cultiora
735 693 925 773 perventum
950 691 998 752 est
1021 691 1271 771 commeatuque
1290 687 1356 753 lar-

323 799 365 863 go
389 782 549 843 recreatus
573 779 745 843 exercitus:
769 777 867 842 simul
890 781 931 861 et,
947 776 1011 861 qui
1032 775 1184 860 consequi
1204 799 1275 841 non
1295 800 1355 861 po-

323 869 461 949 tuerant,
484 866 518 930 iu
542 867 599 931 illa
622 870 726 932 castra
748 872 915 931 venerunt.
1282 914 1284 918 -

270 973 303 1023 19
390 955 469 1020 Inde
493 978 609 1041 agmen
630 956 789 1041 processit
812 955 852 1019 ad
876 954 1053 1020 Caucasum
1076 958 1230 1037 montem,
1255 955 1392 1020 31111131ι

323 1044 455 1109 dorsum
470 1044 582 1111 Asiam
605 1050 761 1129 perpetuo
784 1044 862 1132 iugo
879 1044 1015 1109 dividit:
1038 1044 1114 1108 hinc
1132 1044 1231 1107 simul
1252 1066 1356 1125 mare,
1382 1072 1391 1111 s

323 1134 411 1218 quod
433 1132 580 1200 Ciliciam
604 1135 701 1217 subit,
729 1134 820 1200 illinc
845 1132 996 1218 Caspium
1020 1133 1139 1197 fretum
1162 1136 1194 1196 et
1217 1155 1355 1199 amnem

317 1221 453 1287 *Araxen
480 1222 665 1307 nobiliaque
692 1223 834 1309 regionis
859 1222 1029 1307 Scythicae
1058 1223 1182 1287 (1333113
1211 1226 1355 1306 spectat.

268 1329 304 1378 ao
323 1310 457 1395 Taurus,
481 1313 637 1377 secundae
655 1312 889 1398 magnitudinis
908 1334 1011 1396 mons,
1035 1310 1253 1376 committitur
1268 1310 1354 1376 Cau-

323 1421 410 1465 caso:
434 1424 452 1465 a
476 1399 681 1486 Cappadocia
704 1424 738 1465 33
761 1404 914 1466 3113113113
938 1399 1084 1465 Ciliciam
1107 1400 1264 1484 praeterit
1289 1399 1392 1468 Ar-1u

264 1508 301 1555 ‘21
323 1490 511 1575 meniaeque
534 1490 700 1556 montibus
723 1490 878 1577 iungitur.
917 1488 970 1553 Sic
993 1492 1077 1553 iuter
1100 1511 1134 1554 se
1156 1491 1233 1573 iuga
1258 1488 1356 1554 velut

324 1578 406 1643 serie
436 1579 640 1645 cohaerentia
668 1576 861 1664 perpetuum
892 1578 1012 1644 hahent
1040 1579 1185 1660 dorsum,
1218 1600 1259 1641 ex
1285 1601 1354 1664 quo

321 1666 421 1732 Asiae
444 1668 642 1733 omniafere
666 1669 809 1752 flumina,
831 1668 896 1733 alia
918 1668 953 1732 in
971 1667 1129 1750 Rubrum,
1152 1667 1216 1731 alia
1238 1668 1275 1731 in
1292 1666 1354 1732 Ca-

323 1757 431 1840 spium
455 1778 550 1837 mare,
573 1756 638 1823 alia
659 1760 694 1823 in
714 1757 915 1841 Hyrcanium
939 1762 972 1822 31
991 1757 1162 1821 Ponticum
1186 1756 1353 1821 decidunt.

269 1864 304 1912 aa
322 1862 399 1910 xvn
422 1846 546 1911 dierum
570 1848 675 1932 spatio
691 1846 870 1912 Caucasum
893 1845 1057 1930 superavit
1080 1847 1249 1910 exercitus.
1283 1845 1355 1911 Ru·
1371 1876 1393 1916 rs

323 1957 380 2019 pes
403 1936 439 2000 in
462 1957 500 2001 eo
524 1954 548 2000 x
570 1936 605 2000 in
625 1937 762 2002 circuitu
781 1936 885 2001 stadia
905 1935 1127 2019 conplectitur,
1149 1953 1202 1998 1111
1221 1934 1257 1997 in
1277 1935 1354 1999 alti-

323 2023 469 2090 tudinem
493 2025 627 2109 excedit,
650 2027 685 2089 in
708 2048 772 2111 qua
794 2026 939 2090 vinctum
953 2024 1147 2089 Promethea
1168 2023 1270 2087 fuisse
1295 2047 1354 2089 an-

270 2130 303 2179 13
323 2112 458 2197 tiquitas
482 2114 624 2180 tradidit.
662 2113 853 2179 Condendae
881 2115 915 2178 in
938 2114 1099 2179 radicibus
1123 2113 1243 2178 montis
1273 2114 1353 2179 urbi

323 2202 413 2266 sedes
423 2205 524 2268 313313
538 2208 594 2268 est.
609 2222 660 2267 vn
669 2203 800 2268 milibus
815 2204 1020 2269 subactarum
1036 2204 1206 2267 nationum
1216 2206 1248 2267 31
1258 2227 1352 2287 prae-

322 2295 411 2357 terea
434 2290 602 2375 militibus,
625 2315 763 2377 quorum
788 2315 885 2378 opera
908 2294 957 2358 uti
981 2293 1124 2374 desisset,
1152 2291 1351 2375 permissum
1368 2322 1393 2360 ao

317 2381 358 2444 >in
384 2403 469 2445 nova
495 2381 577 2446 urhe
605 2382 779 2447 considere.
833 2380 925 2446 Hanc
952 2403 1080 2466 quoque
1112 2381 1351 2446 Alexandream

323 2469 447 2536 incolae
471 2474 744 2555 appellaverunt..

269 2565 308 2619 Ν
393 2558 439 2624 Α1
452 2558 571 2624 Bessus
585 2559 760 2625 Alexandri
774 2560 937 2625 eeleritate
955 2560 1144 2643 perterritus
1164 2559 1212 2622 dis
1231 2560 1351 2641 patriis
1368 2570 1394 2623 11

323 2648 482 2713 sacrificio
505 2650 566 2714 rite
598 2650 694 2734 facto,
724 2650 809 2714 sicut
831 2649 897 2714 illis
920 2649 1073 2735 gentibus
1096 2669 1167 2711 mos
1191 2652 1248 2731 est,
1272 2670 1349 2712 cum

396 2900 411 2948 2
430 2897 656 2968 commeatuque]
671 2898 858 2965 cumeatuque
870 2900 927 2950 ΡΥ.
982 2901 998 2949 3
1017 2898 1168 2964 potuerant
1182 2894 1347 2950 Acidaliae:

322 2968 455 3034 poterant
469 2971 499 3021 Δ.
574 2974 589 3021 5
610 2966 777 3040 Caucasum]
797 2984 913 3021 causum
927 2972 947 3019 L
961 2985 996 3022 m.
1007 2984 1062 3037 pa,
1083 2982 1197 3020 causam
1216 2971 1238 3017 V
1252 2983 1287 3018 os.
1303 2983 1348 3034 pr.

324 3037 438 3107 6111113]
458 3037 541 3092 Hunc
559 3044 588 3093 P.
645 3045 659 3092 7
681 3038 821 3111 Ciliciam]
841 3037 1009 3092 ciliciam-v.
1065 3038 1094 3091 et
1113 3038 1236 3108 amnem]
1258 3038 1348 3090 etiam

323 3125 388 3161 nem
406 3114 434 3161 P.
515 3116 531 3164 8
551 3110 716 3179 nobiliaque
734 3112 846 3179 scripsi:
867 3113 895 3163 et
915 3109 972 3163 alia
991 3127 1064 3178 quae
1082 3114 1114 3175 P,
1135 3108 1247 3177 aliaque
1267 3115 1293 3161 c.

324 3178 473 3247 Scythicae
490 3183 603 3252 scripsi:
628 3182 754 3251 scythiae
774 3187 806 3248 P,
831 3180 951 3235 scithiae
969 3188 995 3234 c.
1087 3186 1103 3233 9
1123 3178 1260 3250 Caucaso]
1280 3197 1348 3234 cau-

324 3268 386 3305 3333
401 3254 422 3302 Β
435 3269 470 3306 m.
481 3271 536 3322 pr,
556 3256 588 3307 ia
601 3259 648 3305 LV
663 3255 780 3309 alterum
794 3271 809 3305 c
824 3255 856 3306 ia
869 3269 925 3307 ras.
982 3257 1016 3305 10
1035 3250 1226 3321 Cappadocia]
1242 3267 1348 3320 cappa-

322 3322 465 3377 dotiaLP.
516 3322 656 3398 Ciliciam]
667 3324 784 3379 cilitium
796 3329 827 3377 V.
878 3322 1011 3396 llvelut]
1021 3321 1107 3377 uelud
1116 3328 1146 3375 P.
1202 3328 1235 3377 12
1246 3321 1348 3392 perpess

322 3396 405 3447 tuum
440 3397 571 3463 partuum
589 3401 620 3451 v.
712 3396 839 3467 dorsum]
863 3396 947 3449 dorsu
965 3400 997 3449 V.
1090 3400 1123 3449 13
1142 3394 1213 3465 fere]
1237 3393 1298 3446 fera
1316 3400 1345 3447 P.

325 3471 359 3518 14
410 3467 570 3539 yrcanium]
596 3467 751 3537 hyrcanum
773 3472 802 3520 P.
877 3505 879 3509 -
931 3466 1091 3538 Ponticum]
1117 3464 1292 3534 potenticum
1316 3471 1345 3520 P.

325 3542 358 3590 15
378 3537 448 3609 xm]
463 3538 626 3607 quindecim
639 3545 671 3592 V.
737 3544 769 3591 16
789 3538 819 3609 x]
839 3555 873 3594 ex
887 3544 907 3590 P
921 3555 957 3591 m.
970 3557 1022 3606 pr,
1042 3539 1138 3591 decem
1153 3542 1184 3590 V.
1237 3541 1268 3589 17
1289 3554 1347 3604 qua

328 3608 505 3664 Vindelicus:
525 3614 581 3679 q'uo
599 3615 630 3664 A.
706 3615 738 3663 18
757 3609 877 3663 tradidit
895 3615 927 3662 P:
947 3610 1036 3663 tradit
1055 3616 1080 3662 c.
1161 3613 1194 3661 19
1213 3608 1346 3662 subacta-

323 3697 386 3733 rum
404 3679 551 3736 nationum
563 3684 676 3753 scripsi:
696 3681 837 3736 seniorum
856 3682 1042 3735 macedonum
1056 3687 1102 3733 A..
1161 3685 1195 3734 20
1214 3678 1335 3733 desisset

324 3750 453 3806 dississet
466 3758 494 3808 Ρ.
551 3759 585 3809 21
600 3753 755 3809 novaurbe
769 3759 796 3806 1:
813 3770 914 3807 novam
928 3752 1026 3807 urbem
1041 3759 1070 3805 Δ.
1127 3750 1333 3805 Alexandream

323 3822 516 3882 alexandriam
535 3830 583 3877 Π
597 3842 688 3897 mpr.
762 3829 796 3877 28
816 3824 866 3896 At]
885 3823 921 3878 ad
940 3831 968 3878 1..
1083 3857 1085 3865 ι
