3150 4459
329 430 395 495 242
707 434 739 495 Q.
759 429 870 485 CURTI
887 430 974 483 RUFI

329 594 447 659 acriter
469 594 583 678 pedem
606 593 726 658 inferre
750 600 933 678 coeperunt.
970 593 1129 677 Equitum
1153 593 1267 657 deinde
1286 595 1369 657 tur--

329 706 408 766 mae,
437 704 518 767 quae
540 683 683 747 frenatos
705 682 870 748 habebant
894 703 1003 767 equos,
1033 682 1216 767 perfregere
1239 679 1356 746 barba-'

328 795 440 838 10111111
463 772 574 836 aciem.
610 770 744 838 Interim
766 773 865 837 ceteri
884 774 1011 860 agmine
1031 771 1255 836 dimicantium
1273 772 1353 836 tecti

277 879 308 925 11
329 865 479 947 aptavere
503 883 536 926 se
559 883 695 947 pugnae.
734 860 809 946 Ipse
832 884 898 946 rex,
922 861 1008 945 quod
1031 861 1154 946 vigoris
1178 882 1274 947 aegro
1299 861 1353 924 ad-

329 950 394 1016 huc
425 950 553 1036 corpori
587 950 709 1033 deerat,
741 950 841 1015 animi
873 950 1028 1016 firmitate
1052 950 1232 1035 supplebat.
1278 949 1354 1014 Vox
1383 975 1395 1015 1

329 1040 532 1105 adhortantis
563 1061 630 1104 non
662 1043 791 1125 poterat
815 1040 919 1105 audiri
942 1040 1086 1104 nondum
1109 1041 1191 1104 bene
1215 1038 1355 1104 obducta

278 1147 310 1195 12
330 1130 478 1196 cicatrice
497 1130 640 1214 cervicis,
663 1130 720 1194 sed
739 1130 946 1195 dimicantem
966 1130 1074 1195 cuncti
1087 1129 1250 1205 ridebant.
1289 1127 1355 1193 Ita-

330 1241 392 1303 que
422 1219 484 1304 ipsi
519 1219 648 1303 quidem
681 1218 799 1284 ducum
827 1219 1045 1308 fungebantur
1075 1219 1182 1283 officio
1207 1220 1354 1302 aliusque

329 1309 429 1373 alium
463 1308 626 1373 adhortati
661 1307 695 1372 in
727 1308 855 1373 hostem
888 1308 1002 1373 salutis
1035 1309 1229 1373 inmemores
1260 1330 1355 1371 ruere

277 1415 309 1463 13
330 1402 514 1482 coeperunt.
561 1397 644 1461 Tum
667 1419 743 1462 vero
767 1420 833 1461 non
857 1420 921 1480 ore,
943 1419 1009 1463 non
1031 1419 1128 1482 arma,
1151 1399 1395 1466 1010111110-10

328 1510 397 1551 rem
416 1487 560 1552 hostium
578 1486 708 1551 barbari
721 1490 864 1552 'tolerare
882 1489 1059 1570 potuerunt
1078 1508 1255 1570 omnesque
1275 1486 1354 1551 effu·

329 1577 373 1641 sie
396 1577 532 1643 habenis
555 1613 600 1623 —
622 1594 763 1660 nemque
791 1577 949 1661 equestris
978 1576 1062 1642 acies
1086 1580 1221 1640 erat-
1245 1597 1355 1660 capes-

330 1669 406 1730 sunt
428 1666 548 1754 fugam.
586 1664 673 1741 Quos
692 1687 758 1748 rex,
782 1687 978 1749 quamquam
996 1666 1201 1731 vexationem
1220 1666 1356 1731 invalidi

330 1754 475 1840 corporis
498 1754 567 1839 pati
589 1776 656 1819 non
679 1758 817 1840 poterat,
846 1777 905 1840 per
927 1772 1025 1819 Lxxx
1048 1759 1156 1819 tamen
1180 1753 1283 1819 stadia
1306 1754 1355 1819 in-

277 1862 310 1909 14
329 1845 422 1929 sequi
445 1845 670 1928 perseveravit.
706 1843 841 1928 Iamque
863 1844 1030 1928 linquente
1051 1845 1158 1909 animo
1178 1844 1246 1908 suis
1265 1866 1354 1929 prae
1369 1868 1395 1908 rs

329 1935 428 2017 cepit,
460 1937 511 2017 ut,
544 1933 645 1999 donec
671 1934 754 2000 lucis
786 1933 909 2018 aliquid
932 1937 1126 2017 superesset,
1158 1933 1355 2019 fugientium

329 2024 430 2107 tergis
453 2022 669 2088 inhaererent:
698 2024 768 2107 ipse
796 2023 961 2087 exhaustis
985 2024 1083 2087 etiam
1107 2023 1206 2087 animi
1229 2023 1354 2087 viribus

277 2130 309 2177 11
329 2113 362 2176 in
387 2116 492 2177 cestra
521 2134 554 2177 se
577 2111 700 2195 recepit
722 2112 833 2196 ibique
857 2112 1012 2177 substitit.
1058 2112 1266 2177 Transierant
1289 2112 1354 2176 iam

329 2201 440 2266 Liberi
471 2201 578 2266 Patris
611 2202 780 2285 terminoe,
820 2222 958 2284 quorum
989 2207 1198 2266 monumenta
1228 2201 1354 2284 lapides

330 2296 421 2355 erant
449 2291 568 2355 crebris
596 2292 774 2356 intervallis
803 2291 952 2374 dispositi
977 2291 1169 2373 arboresque
1193 2312 1355 2375 procerae,
1371 2316 1398 2355 so

278 2398 467 2463 loqueram
491 2380 617 2465 stipites
645 2379 763 2445 hedera
781 2383 976 2447 contexerat.
1014 2378 1078 2445 Sed
1091 2380 1283 2444 Macedonas
1306 2381 1355 2445 ira

329 2471 458 2556 longius
490 2469 652 2553 provexit:
686 2470 807 2554 quippe
839 2469 944 2534 media
975 2470 1041 2533 fere
1064 2473 1159 2534 nocte
1190 2470 1224 2533 in
1248 2473 1355 2535 castra

329 2560 492 2624 redierunt
524 2559 636 2623 multis
669 2558 862 2641 interfectiS,
894 2558 1040 2643 pluribus
1064 2562 1166 2642 captis
1191 2580 1356 2643 equosque

330 2667 356 2712 M
389 2654 421 2713 et
451 2664 541 2712 Dccc
575 2648 719 2733 abegere.
776 2646 967 2712 Ceciderunt
1000 2652 1108 2712 autem
1140 2647 1355 2712 Macedonum

330 2739 453 2821 equites
478 2756 534 2820 Lx,
557 2737 683 2821 pedites
708 2754 728 2801 0
750 2738 826 2822 fere,
850 2755 877 2801 11
901 2738 1002 2802 saucii
1025 2738 1163 2801 fuerunt.
1371 2762 1397 2803 11

280 2844 312 2892 11
399 2827 487 2892 Η100
511 2826 674 2911 expeditio
699 2827 901 2891 deficientem
924 2849 1042 2912 magna
1065 2850 1104 2891 ex
1128 2830 1218 2909 parte
1242 2823 1405 2891 1111111111ι

330 2918 416 2981 fama
439 2921 506 2981 tam
531 2922 733 3000 opportunae
757 2916 911 2980 victoriae
935 2917 1067 2988 domuit.
1110 2914 1253 2980 Invictos
1278 2914 1355 3000 Scy·

329 3006 403 3071 thas
431 3027 501 3072 esse
529 3005 744 3070 crediderant:
780 3005 897 3088 quibus
933 3007 1044 3070 fractis
1072 3007 1196 3069 nullam
1224 3008 1355 3090 gentem

403 3188 416 3234 1
438 3183 602 3252 coeperunt]
622 3183 757 3249 ceperunt
775 3186 804 3232 P.
883 3187 898 3233 3
918 3181 1045 3252 Interim]
1065 3183 1094 3233 et
1113 3179 1226 3235 interim
1245 3186 1353 3236 PLPV.

330 3260 347 3305 4
365 3253 469 3322 vigoris
484 3254 591 3308 Lauer:
611 3252 704 3321 uigori
719 3258 749 3307 Δ.
806 3252 1020 3324 bsuppplebat]
1040 3251 1171 3321 saplebat
1185 3257 1215 3305 V.
1273 3253 1355 3305 bad·

329 3324 481 3395 hortantis]
508 3325 665 3378 adortantis
684 3330 714 3377 V.
792 3329 808 3377 8
832 3324 947 3392 quidem
972 3325 1147 3379 Vindelicos:
1172 3324 1247 3391 quod
1266 3329 1297 3377 Δ.

331 3396 445 3466 ducum]
462 3396 562 3449 ducem
576 3400 596 3448 B
610 3414 644 3450 m.
656 3414 701 3465 pr.
758 3401 773 3449 9
790 3395 946 3467 adhortati]
962 3396 1126 3449 adhortanti
1140 3402 1168 3463 P,
1184 3395 1307 3449 adortati
1322 3400 1365 3450 v..

332 3474 363 3519 11
384 3467 520 3538 hostium]
539 3468 649 3521 hostem
667 3473 695 3520 P.
768 3467 934 3538 potuerunt]
953 3470 1087 3536 ceperunt
1105 3473 1132 3520 P.
1207 3472 1355 3534 1100110-

329 3539 449 3610 veravit]
463 3539 688 3607 perseuerauerit
702 3544 731 3593 P.
804 3538 950 3607 praecepit
964 3545 994 3592 0:
1013 3537 1153 3608 praecipit
1167 3544 1194 3592 P.
1270 3543 1303 3591 18
1323 3538 1354 3592 in

331 3614 424 3664 castra
443 3628 471 3665 se
495 3611 614 3682 recepit]
641 3613 735 3665 castra
757 3610 860 3679 recipit
877 3616 905 3663 P.
1015 3610 1112 3678 ibique
1131 3611 1353 3666 Freinshemius:

330 3682 470 3749 reliquum
489 3687 519 3733 Α.
608 3682 956 3753 21hedera]edera1²v.
1049 3687 1082 3734 22
1102 3683 1132 3734 in
1152 3684 1244 3734 castra
1263 3682 1355 3735 redie-

326 3756 397 3805 111111
414 3759 446 3808 P:
470 3752 615 3807 redierunt
635 3759 660 3808 0.
725 3760 759 3809 ⁴26
778 3771 882 3823 magna
901 3753 946 3823 ex]
965 3770 1086 3822 magnes
1105 3759 1132 3806 P.
1198 3757 1231 3806 27
1251 3770 1355 3823 oppor—

315 3825 406 3875 tunae
424 3830 454 3879 I.-
473 3828 635 3894 oportunae
654 3830 685 3879 Δ.
760 3824 895 3896 Scythas]
913 3824 1018 3879 10111101
1038 3829 1061 3875 Β
1073 3844 1107 3879 ns.
1118 3843 1163 3893 pr.
1179 3830 1208 3877 P.
