3150 4459
444 457 699 512 HISTORIARUM
717 456 933 511 ALEXANDRI
951 456 1024 522 VIII,
1043 462 1068 509 5.
1200 456 1264 520 271

244 621 341 684 aeteri
362 622 519 704 dubitent,
534 623 753 706 semetipsum,
777 642 851 685 oum
870 643 926 684 rex
945 621 1059 685 inisset
1074 619 1268 701 convivium,

243 714 480 793 prostraturum
510 712 603 775 humi
627 732 753 795 eorpus.
800 709 925 774 Debere
948 710 1034 775 idem
1057 709 1162 773 faeere
1185 714 1268 773 eete-

243 822 296 863 ros
321 804 353 862 et
376 801 410 863 in
434 801 547 884 primis
571 801 729 884 sapientia
751 800 928 884 praedItos:
953 798 993 862 ab
1012 800 1078 863 illis
1098 798 1184 863 enim
1203 800 1268 862 oul-

244 893 296 951 tus
324 889 357 952 in
386 911 494 973 regem
518 891 704 974 exemplum
728 911 799 953 esse
822 888 1031 973 prodendum.
1078 886 1174 952 Haud
1198 904 1321 972 per-13

217 978 337 1059 splene
361 979 396 1042 in
420 978 640 1043 Callisthenen
663 979 864 1064 dirigebatur
888 979 1000 1042 oratio.
1040 974 1187 1041 Gravitas
1207 977 1269 1041 viri

245 1071 277 1129 et
308 1072 459 1151 prompta
482 1068 614 1133 libertas
638 1070 743 1133 invisa
766 1072 835 1131 erat
857 1069 940 1153 regi,
973 1068 1066 1150 quasi
1090 1066 1179 1131 solus
1201 1066 1268 1130 Ma·

190 1167 229 1219 19
244 1157 381 1220 eedonas
405 1162 535 1239 paratos
559 1158 598 1221 ad
623 1158 687 1221 tale
710 1158 903 1240 obsequium
921 1159 1110 1220 moraretur.
1147 1154 1269 1221 Istum
1289 1174 1322 1220 14

244 1246 374 1310 silentio
399 1249 484 1311 laeto
509 1270 609 1311 unum
633 1248 726 1311 illum
748 1246 951 1311 intuentibus
971 1247 1099 1311 ceteris:
1124 1242 1171 1309 ‘Si
1190 1245 1269 1329 rex'‚

244 1336 359 1418 inquit,
384 1336 538 1400 ‘sermoni
560 1340 618 1401 tuo
642 1336 809 1419 adfuisset,
831 1338 954 1401 mdlius
973 1335 1118 1419 profecto
1139 1357 1203 1398 vox
1220 1356 1269 1398 re-

205 1456 231 1493 10
246 1426 397 1507 sponsuri
425 1425 487 1489 tibi
517 1426 764 1490 desideraretur:
797 1427 867 1509 ipse
891 1426 978 1490 enim
1001 1428 1139 1508 peteret,
1172 1446 1212 1488 ne
1235 1425 1269 1487 in

244 1514 433 1599 peregrinos
456 1517 539 1580 ritus
559 1520 772 1598 externosque
792 1515 985 1600 degenerare
1003 1537 1037 1579 se
1056 1533 1187 1599 cogeres
1206 1535 1269 1577 neu

244 1604 339 1667 rebus
370 1604 557 1669 felicissime
587 1606 688 1690 gestis
719 1604 875 1668 invidiam
899 1604 957 1668 tali
985 1604 1171 1667 adulatione
1196 1624 1269 1668 oon-

244 1693 397 1757 traheres.
436 1692 499 1757 Sed
523 1694 676 1777 quoniam
700 1694 801 1776 abest,
824 1715 885 1779 ego
904 1693 965 1757 tibi
984 1715 1043 1777 pro
1063 1694 1119 1758 illo
1139 1714 1270 1776 respon·
1290 1708 1323 1755 15

245 1782 303 1846 deo
328 1786 454 1847 nullum
478 1806 548 1846 esse
571 1783 705 1847 eundern
733 1783 977 1867 etydiuturnum
1001 1786 1033 1846 et
1056 1803 1270 1865 praecoquem

204 1901 229 1939 15
245 1872 400 1955 fructum,
433 1874 651 1955 caelestesque
677 1871 818 1936 honores
845 1894 912 1937 non
940 1872 1014 1936 dare
1043 1876 1075 1935 te
1098 1873 1181 1957 regi,
1208 1870 1270 1938 sed

245 1960 378 2024 auferre.
424 1960 598 2026 Intervallo
629 1963 715 2025 enim
744 1982 826 2045 opus
855 1965 917 2043 est,
949 1965 986 2025 ut
1010 1961 1159 2026 credatur
1183 1960 1269 2043 deus,

245 2070 434 2133 semperque
457 2051 542 2115 hano
564 2050 703 2136 gratiam
727 2052 854 2136 magnis
877 2051 956 2115 viris
980 2050 1103 2134 posteri
1123 2050 1269 2114 reddunt.

245 2139 316 2224 Ego
348 2144 455 2203 autem
488 2162 588 2205 seram
621 2140 888 2205 inmortalitatem
919 2160 1033 2223 precor
1060 2139 1144 2224 regi,
1176 2143 1214 2203 ut
1237 2143 1269 2202 et
1290 2155 1323 2202 16

244 2229 312 2292 vita
336 2229 488 2294 diuturna
512 2230 555 2293 sit
579 2233 611 2294 et
633 2234 762 2294 aeterna
789 2231 949 2295 maiestas.
995 2228 1170 2293 Hominem
1194 2249 1270 2292 eon-

204 2348 230 2386 ao
245 2320 390 2400 sequitur
409 2318 592 2402 aliquando,
610 2341 788 2403 numquam
807 2320 981 2384 comitatur
1000 2318 1161 2382 divinitas.
1190 2317 1269 2381 Her·
1290 2334 1323 2382 17

245 2407 350 2471 eulem
374 2408 471 2471 modo
495 2413 527 2471 et
543 2407 674 2473 Patrem
688 2408 841 2473 Liberum
865 2413 1071 2474 consecratae
1093 2407 1270 2472 inmortali-

245 2498 321 2560 tatis
346 2498 492 2580 exempla
515 2498 685 2563 referebas.
733 2496 886 2562 Credisne
909 2499 985 2562 illos
1009 2498 1105 2561 unius
1129 2496 1269 2562 convivii

246 2587 373 2650 deoreto
398 2587 474 2651 deos
498 2587 625 2651 factos?
662 2586 757 2652 Prius
781 2587 822 2651 ab
847 2588 948 2651 oeulis
972 2586 1158 2651 mortalium
1184 2607 1269 2650 amo·
1383 2666 1385 2669 Ι

244 2677 304 2739 lita
326 2681 442 2739 natura
465 2681 523 2761 est,
547 2699 644 2760 quam
663 2677 698 2740 in
718 2679 842 2741 eaelum
862 2677 949 2741 fama
967 2675 1163 2759 perveheret.
1204 2672 1269 2738 Sei·
1290 2690 1323 2737 18

204 2794 230 2833 as
245 2766 321 2829 lieet
344 2788 404 2851 ego
429 2770 461 2829 et
484 2770 530 2849 tu,
554 2765 641 2848 Cleo,
665 2766 742 2831 deos
764 2766 912 2850 facimus,
935 2789 954 2829 a
976 2766 1071 2829 nobis
1090 2764 1270 2828 divinitatis

246 2878 322 2918 suae
346 2856 570 2919 auctoritatem
593 2858 783 2938 accepturus
808 2859 857 2920 est
875 2877 940 2918 rex.
977 2853 1161 2918 Potentiam
1180 2858 1269 2917 tuam

246 2945 384 3025 experiri
402 2945 497 3008 libet:
516 2946 568 3010 fae
586 2944 726 3027 aliquem
746 2967 867 3030 regem,
887 2944 912 3008 si
933 2944 1029 3009 deum
1044 2947 1137 3027 potes
1151 2943 1269 3007 faeere!

246 3032 385 3098 Facilius
409 3038 458 3097 est
480 3034 606 3098 eaelum
630 3034 705 3097 dare
729 3055 825 3117 quam
848 3032 1042 3116 imperium?
1070 3031 1113 3095 Di
1136 3031 1270 3116 propitii
1293 3048 1323 3095 19

320 3214 334 3259 1
354 3209 550 3279 semetipsum]
570 3208 760 3276 semedipsum
777 3215 808 3264 F.
888 3216 904 3263 2
922 3208 1142 3279 prostraturum]
1161 3209 1271 3277 postra-

246 3280 341 3331 turum
360 3286 388 3332 L.
452 3280 523 3333 3ab
542 3280 612 3350 illis]
632 3280 718 3333 edilis
736 3287 804 3335 Lm.
817 3299 860 3350 pr.
926 3278 1166 3350 tCallisthenen]
1186 3278 1270 3332 ealle-

246 3351 365 3404 sthenen
383 3358 412 3404 P.
472 3351 635 3421 8silentio]
654 3351 800 3405 silentium
818 3358 846 3406 Ρ.
919 3350 1108 3421 intuentibus]
1127 3351 1271 3404 interuen-

246 3422 322 3475 tibus
341 3428 371 3476 v.
434 3429 465 3476 11
485 3423 557 3477 ritus
577 3425 763 3491 externosque
778 3430 812 3477 1³:
836 3426 1022 3489 externosque
1042 3424 1147 3476 rItusc
1168 3423 1271 3494 [exter-

245 3511 353 3560 nosque
371 3511 422 3548 om.
438 3496 478 3565 B].
554 3500 587 3547 14
605 3494 726 3566 nullum]
746 3494 827 3549 nullu
845 3500 876 3549 V.
961 3499 994 3548 15
1013 3497 1042 3547 te
1062 3495 1172 3549 Luaer:
1199 3510 1229 3547 se
1248 3498 1271 3545 A

246 3567 290 3636 [ia
308 3572 328 3617 F
349 3584 403 3620 vox
429 3568 502 3621 deest
521 3574 635 3635 propter
659 3568 812 3637 marpioem
837 3567 993 3637 abachum}
1089 3572 1120 3620 16
1148 3564 1270 3636 auferre]

246 3636 345 3691 offerre
361 3643 389 3690 Ρ.
469 3644 502 3692 18
522 3642 554 3692 ut
574 3640 603 3692 et
617 3639 747 3693 Modius:
767 3641 797 3693 et
815 3640 848 3691 ut
866 3643 897 3693 A.
976 3644 1011 3691 20
1030 3637 1177 3708 divinitas]
1197 3636 1271 3691 diui-

246 3711 329 3762 nutas
349 3715 376 3763 L.
465 3716 498 3763 22
518 3709 673 3781 referebas]
691 3709 817 3765 refrebas
830 3716 851 3762 1²
864 3728 899 3765 m.
910 3728 956 3779 pr.
1048 3708 1193 3779 Credisne]
1213 3724 1270 3761 ere-

246 3782 332 3834 desne
349 3786 376 3833 P.
468 3781 881 3852 refactoe]faotus1’m.pr.
978 3786 1012 3835 28
1031 3780 1080 3852 Di]
1100 3780 1141 3833 dii
1160 3785 1216 3834 Π.

246 3852 375 3923 propitii]
395 3852 516 3921 propicii
535 3858 617 3906 ΕΠ.
