3150 4459
434 458 690 513 HISTORIARUM
708 460 925 513 ALEXANDRI
943 460 1028 526 VIIII,
1049 466 1073 513 6.
1098 432 1099 437 ¹
1197 460 1260 524 331

240 621 312 685 dem
336 621 527 704 proditores,
549 622 686 687 totidem
706 621 885 687 desertores
904 618 1024 700 sumus,
1048 627 1128 705 quot
1147 627 1179 687 te
1197 644 1264 689 uon

238 711 404 792 potuimus
428 712 587 795 persequi.
633 710 812 777 Universos
840 712 917 776 licet
939 711 1060 775 milites
1084 712 1264 800 ignominia

238 803 345 881 notes,
377 820 472 864 nemo
502 800 664 865 recusabit
692 802 781 865 luere
811 801 857 884 id,
890 801 977 884 quod
1005 822 1046 863 ne
1070 801 1264 887 admitteret,

239 892 402 970 praestare
425 911 491 953 non
514 888 632 973 potuit.
677 888 793 954 Patere
816 912 889 972 nos,
915 911 1055 973 quaeso,
1078 889 1143 953 alio
1167 889 1264 955 modo

212 999 308 1042 resse
330 977 411 1041 viles
435 978 504 1042 tibi.
552 977 762 1062 Quocumque
786 980 927 1062 iusseris,
950 978 1081 1043 ibimus.
1118 976 1263 1043 Obscura
1284 998 1318 1045 14

238 1066 381 1149 pericula
409 1069 441 1130 et
468 1066 629 1152 ignobiles
652 1090 778 1152 pugnas
802 1067 899 1132 nobis
923 1068 1139 1151 deposcimus:
1163 1071 1264 1132 temet

238 1155 344 1237 ipsum
368 1155 409 1218 ad
432 1178 470 1220 ea
492 1178 593 1239 serva,
621 1179 703 1240 quae
727 1157 985 1242 magnitudinem
1008 1160 1100 1220 tuam
1124 1158 1265 1240 capiunt.

240 1243 312 1309 Cito
343 1244 448 1329 gloria
477 1244 651 1310 obsolescit
680 1247 713 1309 in
737 1246 878 1311 sordidis
901 1246 1065 1329 hostibus,
1094 1268 1155 1310 neo
1178 1245 1264 1329 quic-

238 1355 335 1416 quam
359 1333 526 1418 indignius
549 1339 599 1398 est
622 1357 720 1418 quam
743 1336 891 1400 consumi
915 1357 995 1419 eam,
1024 1335 1080 1399 ubi
1102 1356 1169 1399 non
1192 1356 1266 1418 pos·

198 1423 283 1489 rosit
315 1422 462 1487 ostendi?
516 1423 640 1488 Eadem
669 1424 736 1488 fere
763 1422 972 1488 Ptolomaeus
1004 1428 1035 1487 et
1067 1425 1186 1488 similia
1213 1424 1265 1487 his
1286 1443 1319 1489 1o

238 1512 345 1575 ceteri.
390 1510 524 1595 Iamque
553 1512 697 1577 confusis
725 1513 860 1578 vocibus
883 1514 998 1577 flentes
1022 1535 1096 1576 eum
1120 1513 1266 1594 orabant,

237 1605 274 1664 ut
301 1601 432 1665 tandem
457 1624 497 1665 ex
526 1603 675 1665 satietate
699 1601 787 1665 laudi
811 1603 943 1667 modum
966 1602 1087 1667 faceret
1111 1624 1149 1666 ec
1167 1601 1267 1666 saluti

190 1697 222 1751 15
238 1711 313 1753 suae
342 1690 375 1754 id
403 1695 452 1755 est
478 1691 629 1774 publicae
652 1695 806 1774 parceret.
854 1690 953 1756 (irata
976 1695 1045 1755 erat
1067 1691 1137 1775 regi
1160 1692 1265 1774 pietas
1286 1708 1319 1759 1o

237 1780 429 1843 amicorum:
459 1779 569 1863 itaque
599 1780 746 1865 singulos
773 1780 968 1844 familiarius
999 1780 1166 1863 amplexus
1190 1801 1266 1844 con-

197 1896 223 1934 11
238 1867 341 1931 sidere
372 1869 463 1932 iubet
492 1868 655 1951 altiusque
685 1890 833 1933 sermone
862 1871 1016 1952 repetito:
1049 1868 1163 1933 ‘Vobis
1197 1870 1319 1952 qui-17

238 1955 332 2040 dem',
353 1956 470 2039 inquit,
490 1958 520 2020 ‘0
539 1957 690 2021 fidissimi
708 1957 913 2041 piissimique
932 1958 1053 2022 civium
1071 1963 1170 2041 atque
1188 1958 1266 2021 ami·

238 2066 363 2128 corum,
395 2050 503 2131 grates
536 2067 597 2131 ago
630 2046 801 2130 habeoque
831 2068 898 2111 non
926 2049 1032 2111 solum
1061 2069 1098 2111 eo
1125 2048 1266 2131 nomine,

238 2134 325 2217 quod
344 2134 442 2198 hodie
461 2137 598 2199 salutem
617 2158 721 2200 meam
740 2140 865 2201 vestrae
879 2137 1089 2221 praeponitis,
1108 2136 1164 2200 sed
1179 2136 1266 2219 quod

237 2245 256 2285 a
289 2223 477 2306 primordiis
505 2224 584 2289 belli
610 2228 738 2290 nullum
766 2246 844 2311 erga
871 2247 923 2290 me
950 2226 1188 2290 benivolentiae
1218 2226 1266 2309 pi-

197 2340 223 2378 ae
239 2334 321 2397 gnus
346 2317 443 2396 atque
462 2313 619 2379 indicium
639 2314 805 2399 omisistis,
829 2314 908 2379 adeo
927 2318 964 2378 ut
983 2314 1203 2379 confitendum
1223 2315 1266 2379 sit

238 2424 416 2485 numquam
439 2403 523 2466 mihi
546 2404 648 2467 vitam
670 2425 775 2469 meam
799 2404 900 2468 fuisse
923 2407 991 2467 tam
1015 2426 1136 2488 caram,
1169 2426 1267 2487 quam

238 2512 308 2554 esse
336 2491 456 2575 coepit,
489 2496 526 2555 ut
554 2492 648 2556 vobis
676 2492 732 2557 diu
757 2493 824 2557 frui
847 2492 980 2576 possim.
1029 2492 1177 2557 Ceterum
1200 2514 1268 2557 non
1287 2508 1320 2557 18

239 2578 350 2643 eadem
377 2585 427 2644 est
456 2582 612 2667 cogitatio
636 2602 763 2664 eorum,
797 2583 853 2664 qui
875 2604 934 2665 pro
960 2604 1010 2646 me
1034 2582 1119 2646 mori
1143 2585 1267 2665 optant,

238 2672 271 2732 at
299 2691 384 2753 mea,
417 2672 474 2753 qui
495 2670 626 2752 pridem
656 2670 740 2735 hanc
763 2671 1016 2736 benivolentiam
1040 2675 1181 2735 vestram
1206 2672 1268 2734 vir-

197 2784 223 2825 as
238 2761 309 2822 tute
336 2760 492 2823 meruisse
520 2781 573 2824 ma
602 2759 718 2824 iudico.
765 2758 834 2824 Vos
861 2760 947 2823 enirn
971 2759 1160 2823 diuturnum
1184 2760 1267 2823 fruc·

238 2850 309 2911 tum
333 2870 373 2911 ex
396 2869 457 2931 me,
480 2848 618 2912 forsitan
641 2849 740 2912 etiam
763 2853 957 2932 perpetuum
976 2850 1141 2932 percipere
1161 2850 1267 2931 cupia-

313 3059 455 3129 lsumus]
475 3064 572 3112 0011.
647 3058 726 3141 quot]
747 3058 824 3127 quod
842 3064 1039 3127 Pm.pr.1.v.
1115 3057 1270 3112 11111111-

241 3127 297 3197 sos]
317 3128 461 3182 uniumsos
482 3135 790 3197 Lm.pr.V,un1srsos
810 3130 840 3201 [i.
855 3146 877 3183 e.
895 3130 1053 3200 uniuersos]
1073 3136 1126 3183 PP.
1183 3135 1199 3183 3
1219 3130 1269 3183 ad-

241 3199 378 3269 mitteret]
408 3200 553 3253 amitteret
571 3207 599 3254 P.
683 3200 779 3254 91111
823 3200 878 3271 us]
897 3200 1032 3271 indignus
1052 3206 1081 3254 P.
1167 3201 1268 3271 possit]

241 3269 325 3339 posit,
344 3271 391 3324 sed
409 3272 422 3323 t
441 3274 473 3325 iu
491 3288 546 3326 rac.
567 3278 595 3325 P.
677 3277 710 3325 10
730 3272 782 3325 Pto
794 3288 909 3326 omaeus
927 3274 1039 3341 scripsi:
1059 3271 1218 3340 ptolomeus
1237 3278 1268 3338 V,

239 3340 418 3410 ptholomeus
437 3347 520 3408 BLP,
543 3342 702 3397 tholomeus
722 3348 750 3395 P.
845 3349 877 3397 11
904 3359 938 3395 ex
957 3343 1090 3397 satietate
1111 3345 1268 3399 Beatlcr'us:

241 3413 412 3466 exsacietate
426 3420 455 3482 P,
471 3414 629 3468 exsatiatas
643 3418 730 3480 BLV,
744 3412 907 3469 exsaciatae
922 3420 950 3466 P.
1014 3419 1048 3468 16
1063 3415 1160 3485 atque]
1176 3415 1268 3483 adque

240 3490 310 3537 rm.
319 3502 366 3553 pr.
381 3490 409 3537 L.
480 3491 513 3538 17
528 3502 562 3540 eo
578 3486 755 3541 Fraterno:
770 3502 833 3539 meo
848 3491 880 3539 Δ.
945 3490 979 3539 18
995 3485 1089 3557 hodie]
1105 3486 1215 3540 odiev.

240 3554 428 3626 praeponitis]
438 3556 598 3625 proponitis
607 3562 635 3611 P.
685 3562 721 3610 10
735 3558 833 3628 atque]
849 3557 942 3625 adque
957 3562 978 3609 P
991 3574 1027 3611 m.
1034 3574 1080 3625 pr.
1094 3564 1114 3609 1.
1127 3574 1162 3611 m.
1169 3574 1215 3626 pr.

240 3625 389 3697 indicium]
403 3626 545 3681 inditium
559 3633 588 3682 P.
648 3627 795 3700 omisistis]
815 3626 966 3682 omissistis
980 3634 1010 3683 V.
1068 3628 1269 3711 confitendum]

241 3697 440 3751 confidendum
453 3704 481 3751 P.
552 3705 585 3752 11
601 3699 707 3771 coepit]
722 3699 798 3768 cepit
811 3706 865 3753 PP.
935 3706 969 3752 13
984 3699 1056 3753 mori
1071 3700 1182 3771 optant]
1199 3715 1270 3753 mon

241 3772 343 3837 aptant
361 3775 393 3835 P,
417 3770 508 3823 moria
527 3773 628 3839 optant
646 3776 708 3838 Π,
726 3772 920 3840 moriaoptant
933 3777 961 3824 1..
1028 3777 1062 3824 11
1082 3774 1111 3826 et
1130 3786 1201 3839 mea,
1221 3770 1271 3838 qui

237 3842 366 3909 pridem
380 3843 491 3910 scripsi:
512 3858 604 3897 meam
624 3841 787 3910 etquidem
807 3848 833 3909 0,
852 3845 882 3897 et
901 3842 1016 3911 quidem
1035 3859 1128 3896 meam
1146 3847 1175 3894 P.

279 4016 287 4045 l
