3150 4459
296 476 359 541 118
597 462 599 467 '
674 476 705 541 o.
724 475 939 531 cucusum

258 658 274 705 4
294 644 400 704 artum
419 641 504 704 inter
522 662 555 704 se
575 644 607 704 et
622 638 776 704 Susianos
792 639 916 703 aditum
930 641 1123 723 relinquens.
1171 638 1314 703 Medates

293 733 362 794 erat
385 730 526 814 regionis
550 729 743 813 praefectus,
772 729 859 791 haud
887 751 962 793 sane
990 733 1174 811 temporum
1202 727 1314 792 homo:

258 835 274 883 o
294 820 414 902 quippe
432 819 548 883 ultima
570 840 629 902 pro
655 818 719 882 fide
737 818 877 901 experiri
896 818 1085 882 decreverat.
1133 817 1196 881 Sed
1218 818 1315 901 periti

277 907 440 975 ,locorum
471 907 690 971 Alexandrum
726 908 843 972 docent
873 908 1036 972 occultum
1069 908 1129 971 iter
1160 928 1228 970 esse
1258 929 1316 990 per

294 997 391 1061 calles
415 1000 448 1059 et
471 1018 617 1060 aversum
647 997 686 1061 ab
711 996 803 1061 urbe:
833 997 859 1060 si
882 1017 1002 1081 paucos
1031 997 1173 1061 misisset
1200 997 1316 1060 leviter
1343 1020 1355 1061 s

249 1094 274 1151 ’6
294 1089 444 1165 armatos,
472 1108 568 1168 super
595 1087 701 1168 capita
728 1086 872 1150 hostium
901 1108 1061 1151 evasuros.
1109 1084 1189 1149 Cum
1213 1086 1315 1148 consi-

294 1177 376 1239 lium
404 1176 593 1259 placuisset,
621 1175 705 1239 idem
734 1175 886 1239 itinerum
914 1175 1045 1239 fuerunt
1072 1175 1177 1239 duces.
1229 1192 1256 1237 Μ
1284 1179 1316 1237 et

294 1282 319 1327 1)
342 1264 488 1329 mercede
512 1264 663 1328 conducti
691 1268 724 1328 et
746 1261 883 1349 Agriani
911 1265 977 1329 fere
1006 1282 1032 1327 Μ
1056 1263 1198 1328 Tauroni
1226 1286 1316 1347 prae-

293 1354 380 1419 fecto
412 1352 478 1417 dati
508 1376 546 1417 ae
575 1356 650 1438 post
684 1353 762 1417 solis
794 1374 943 1418 occasum
979 1354 1040 1417 iter
1071 1353 1196 1438 ingredi
1227 1354 1314 1416 iussi.

259 1440 368 1526 ‘llpse
405 1443 501 1506 tertia
538 1442 651 1527 vigilia
688 1444 801 1506 castris
839 1444 936 1506 motis
974 1444 1059 1507 circa
1090 1444 1173 1506 lucis
1207 1447 1315 1505 ortum
1331 1467 1356 1507 ro

294 1535 424 1615 superat
447 1533 613 1617 angustias
638 1554 794 1616 caesaque
817 1533 951 1595 materia
975 1531 1116 1595 cratibus
1141 1535 1173 1595 et
1196 1533 1315 1614 pluteis

247 1682 249 1691 ,
293 1620 463 1704 faciundis,
486 1623 532 1704 ut,
556 1622 613 1704 qui
635 1625 739 1685 turres
759 1621 977 1704 admoverent,
1001 1626 1090 1685 extra
1113 1623 1171 1684 teli
1195 1623 1315 1685 iactum

257 1727 274 1776 8
294 1715 408 1793 essent,
432 1711 545 1774 urbem
565 1710 710 1774 obsidere
729 1711 845 1795 eoepit.
891 1709 1070 1794 Praerupta
1094 1716 1185 1774 erant
1209 1710 1316 1774 omnia

294 1800 380 1864 saxis
405 1803 437 1863 et
460 1799 586 1863 cotibus
610 1798 762 1884 inpedita.
810 1800 923 1864 Multis
952 1822 1028 1885 ergo
1053 1799 1241 1864 vulneribus
1266 1799 1317 1863 de·

292 1890 389 1973 pulsi,
412 1893 449 1952 ut
468 1889 586 1971 quibus
610 1912 677 1953 non
700 1911 772 1953 cum
793 1890 886 1953 hoste
905 1891 1021 1971 solum,
1045 1890 1217 1953 sedetiam
1242 1911 1316 1954 cum
1332 1913 1357 1952 15

258 1980 365 2045 eloco
385 1978 604 2058 dimicandum
623 1983 716 2062 esset⁷
740 1978 895 2043 subibant
912 1982 1030 2061 tamen,
1055 1980 1130 2061 quia
1153 2001 1210 2041 rex
1233 1979 1318 2041 inter

262 2104 264 2109 ·
293 2067 417 2151 primos
442 2068 598 2132 eonstiter
617 2072 631 2131 t
650 2069 862 2153 interrogans,
886 2071 936 2131 tot
958 2067 1089 2132 urbium
1112 2069 1252 2132 victores
1277 2090 1318 2130 an

294 2156 519 2221 erubescerent
547 2155 679 2221 haerere
715 2159 749 2220 in
780 2156 949 2222 obsidione
983 2156 1108 2221 castelli
1143 2157 1252 2242 exigui
1286 2160 1318 2220 et

294 2245 462 2331 ignobilis,
498 2246 595 2309 simul
630 2246 806 2311 admonens
842 2247 1020 2310 Tauronem
1056 2267 1128 2310 reor
1161 2246 1318 2310 ceciliam

293 2354 356 2400 esse
378 2335 524 2399 lotarum.
571 2334 661 2408 Inter
687 2335 767 2399 haec
791 2335 916 2400 eminus
939 2335 1123 2419 petebatur:
1153 2356 1249 2418 quem
1272 2338 1317 2398 te·
1332 2361 1359 2400 ao

294 2424 422 2489 studine
460 2423 586 2488 obiecta
623 2424 743 2488 milites
777 2463 819 2470 -
854 2421 892 2489 ut
928 2425 1105 2507 recederet,
1135 2425 1317 2507 perpellere

242 2532 276 2582 10
294 2515 487 2597 nequierant
516 2551 556 2559 -
586 2514 769 2578 tuebantur.
820 2512 963 2578 Tandem
992 2513 1124 2577 Tauron
1152 2536 1248 2596 super
1271 2536 1319 2575 ar·
1334 2519 1371 2572 11

296 2625 365 2668 cem
399 2602 489 2666 urbis
522 2625 556 2667 se
587 2624 661 2667 cum
695 2625 753 2668 suo
784 2604 913 2688 agmine
946 2604 1095 2667 ostendit.
1141 2602 1195 2665 Ad
1227 2603 1319 2667 cuius

296 2699 506 2776 conspectum
539 2695 572 2755 et
605 2693 750 2757 hostium
783 2693 884 2757 animi
916 2692 1025 2757 labare
1063 2696 1095 2756 et
1127 2692 1319 2755 Macedones

243 2802 275 2849 11
297 2782 403 2847 acrius
435 2781 596 2864 proelium
626 2783 708 2846 inire
741 2784 925 2865 coeperunt.
978 2782 1105 2865 Anceps
1139 2780 1319 2865 oppidanos
1334 2807 1360 2846 as

296 2871 419 2936 malum
443 2871 612 2956 urguebat,
636 2893 695 2936 nec
718 2872 791 2935 sisti
815 2872 862 2935 vis
886 2870 1031 2935 hostium
1055 2874 1191 2954 poterat.
1237 2869 1319 2933 Pau-

296 2960 342 3024 cis
375 2960 416 3023 ad
443 2960 656 3045 moriendum,
688 2960 838 3046 pluribus
871 2959 911 3022 ad
945 2959 1056 3045 fugam
1090 2961 1215 3024 animus
1248 2959 1320 3041 fuit,

294 3072 413 3135 magna
435 3072 511 3133 pars
535 3052 569 3114 in
593 3071 700 3114 arcem
724 3050 890 3116 concessit.
937 3048 1016 3113 Inde
1039 3067 1113 3112 xxx
1136 3048 1321 3113 oratoribus

295 3139 404 3203 missis
433 3139 474 3201 ad
502 3139 738 3221 deprecandum
767 3139 860 3203 triste
891 3160 1083 3221 responsum
1112 3161 1130 3201 a
1154 3160 1228 3223 rege
1252 3138 1320 3201 red-

369 3374 384 3421 1
405 3368 509 3437 artum]
534 3383 630 3420 arcum
649 3374 718 3420 Pru.
733 3385 779 3437 pr.
872 3368 1000 3422 Medates
1026 3370 1119 3439 Voycl:
1143 3367 1271 3420 medates
1291 3371 1321 3419 Δ.

297 3445 312 3492 2
332 3438 420 3510 haud]
441 3455 477 3491 au
491 3444 511 3490 P
525 3456 559 3491 ra.
571 3456 616 3507 pr.
674 3444 688 3491 6
709 3440 851 3510 evasuros]
872 3456 1006 3492 euasurus
1021 3446 1041 3492 P
1055 3458 1089 3494 m.
1101 3457 1146 3508 pr.
1205 3444 1218 3490 7
1238 3438 1321 3491 itine-

295 3509 370 3581 rum]
389 3510 492 3562 iterum
510 3514 541 3562 V.
616 3514 649 3562 15
669 3510 772 3581 solum]
793 3512 883 3565 selum
901 3516 932 3564 V.
1014 3516 1046 3564 17
1066 3511 1183 3581 primos]
1203 3510 1323 3563 rimosP

211 3646 215 3656 Ι
296 3598 330 3635 ra.
341 3599 386 3651 pr.
464 3580 644 3651 constiterat]
664 3582 850 3635 constituerat
868 3588 888 3633 Ρ
906 3600 941 3637 m.
957 3599 1002 3651 pr.
1082 3587 1114 3635 19
1138 3584 1323 3636 Tauronem

296 3668 369 3708 mox
383 3654 557 3706 coritium
571 3670 646 3707 esse
661 3655 809 3708 lotarum
824 3654 930 3707 addidi.
981 3658 1015 3706 20
1025 3654 1145 3723 eminus]
1156 3654 1335 3723 geminusV.·

297 3729 330 3776 21
351 3724 495 3777 recederet
508 3726 622 3793 scripsi:
643 3725 793 3779 decederet
806 3730 837 3777 Δ.
914 3724 1070 3794 perpellere
1084 3725 1245 3779 Acidaliae:
1264 3724 1323 3792 pel-

297 3796 356 3849 lere
375 3800 405 3849 Δ.
499 3802 533 3849 24
553 3795 654 3867 acrius]
677 3797 751 3850 erius
770 3803 839 3851 Pm.
853 3814 896 3865 pr.
984 3803 1018 3851 26
1037 3796 1176 3865 urguebat
1191 3803 1222 3849 P:
1243 3813 1324 3865 urge-

288 3868 345 3917 bat
363 3874 386 3919 0.
448 3867 503 3939 ris]
524 3867 578 3922 uiis
597 3875 667 3923 Fra.
677 3874 809 3939 pmcn.
821 3886 866 3938 pr.
