3150 4459
457 454 713 509 HISTORIARUM
730 453 949 507 ALEXANDRI
965 453 1052 518 VIIII,
1071 460 1136 507 15.
1245 452 1312 517 325

288 620 393 682 maius
407 618 665 701 inpedimentum
680 639 777 701 quam
789 621 896 681 vatem
907 618 1138 700 superstitione
1148 616 1315 699 captum‘l'

285 706 358 773 Nec
381 708 513 789 diutius,
544 729 641 789 quam
665 707 844 789 respondit,
868 710 1013 770 moratus
1036 706 1201 770 admoveri
1223 706 1315 770 iubet
1334 720 1374 769 3ο

289 795 390 860 scalas
415 795 706 880 cunctantibusque
734 796 849 859 ceteris
877 796 986 859 evadit
1007 797 1042 859 in
1065 817 1204 859 murum.
1249 793 1315 858 An·

288 890 385 970 gusta
412 885 497 948 muri
525 906 644 949 corona
673 889 755 947 erat:
782 906 850 948 ncn
873 886 992 967 pinnae
1016 886 1102 949 sicut
1124 884 1203 948 alibi
1226 883 1314 947 fusti-

261 975 379 1059 sginm
410 976 478 1038 eius
509 974 737 1054 distinxerant,
770 974 828 1037 sed
859 978 1016 1058 perpetua
1045 974 1146 1039 lorica
1174 972 1315 1037 obducta

287 1063 461 1127 transitum
485 1067 658 1145 saepserat.
695 1061 810 1146 Itaque
832 1086 889 1125 rex
911 1062 1066 1126 haerebat
1087 1063 1193 1148 magis
1217 1083 1314 1144 quarn
1333 1076 1367 1125 31

288 1151 396 1216 stabat
421 1153 457 1216 in
484 1152 630 1237 margine
661 1152 766 1235 clipeo
790 1152 933 1236 undique
956 1152 1132 1216 incidentia
1153 1153 1220 1215 tela
1241 1171 1315 1234 pro-

288 1242 434 1324 pulsans:
464 1263 540 1304 nam
563 1243 634 1324 ipse
658 1242 784 1304 eminus
808 1263 847 1304 ex
869 1240 1015 1305 turribus
1038 1240 1224 1324 petebatur,
1255 1254 1368 1303 113332

289 1331 398 1394 subire
416 1330 538 1393 milites
557 1334 718 1414 poterant,
737 1331 814 1413 quia
833 1352 972 1414 superne
989 1330 1023 1394 vi
1042 1329 1182 1394 telorum
1202 1328 1315 1393 obrue

245 1420 415 1486 rebantur.
462 1418 606 1483 Tandem
629 1419 888 1504 magnitudinem
912 1418 1082 1503 [telorum]
1102 1418 1239 1504 periculi
1259 1441 1315 1501 pn·

289 1510 348 1572 dor
370 1509 462 1573 vicit:
487 1509 607 1593 quippe
627 1508 803 1573 cernebant
820 1510 1027 1574 cunctatione
1046 1530 1106 1571 sua
1124 1508 1197 1571 dedi
1215 1506 1317 1571 hosti·

288 1598 348 1662 bus
373 1620 490 1683 regem.
533 1595 597 1661 Sed
619 1598 802 1661 festinando
825 1598 1037 1661 morabantur
1060 1597 1190 1661 auxilia.
1229 1595 1370 1659 11311133

289 1687 367 1751 dum
395 1709 455 1769 pro
480 1708 513 1750 se
537 1688 676 1770 quisque
699 1692 802 1750 certat
825 1686 972 1768 evadere,
1002 1708 1175 1751 oneravere
1199 1686 1316 1748 scalas:

289 1777 363 1859 quis
386 1797 453 1838 non
476 1775 715 1839 sufficientibus
738 1774 884 1839 devoluti
906 1775 1035 1839 unicam
1058 1797 1148 1859 spem
1167 1776 1253 1859 regis
1272 1774 1317 1837 fe

248 1891 275 1931 rs
289 1865 450 1929 fellernnt.
507 1863 624 1928 Stabat
655 1865 742 1927 enim
771 1866 808 1928 in
837 1869 1013 1947 conspectu
1043 1865 1127 1928 tanti
1157 1864 1317 1927 exercitus

235 1960 274 2014 la
289 1954 379 2016 velut
409 1954 443 2016 in
474 1952 648 2016 solitudine
679 1953 863 2017 destitutus.
916 1951 1050 2037 Iamque
1079 1953 1219 2035 laevam,
1251 1974 1315 2036 qua
1328 1956 1355 2011 V

290 2044 430 2124 clipeum
454 2042 494 2105 ad
518 2043 603 2105 ictus
627 2042 883 2123 circumferebat,
904 2042 1082 2106 lassaverat
1102 2042 1318 2107 clamantibus

290 2132 411 2213 amicis,
434 2135 472 2194 ut
490 2132 531 2195 ad
550 2131 640 2214 ipsos
658 2131 811 2213 desiliret,
834 2131 1026 2213 stabantque
1044 2132 1224 2214 excepturi:
1242 2151 1318 2194 cum

290 2221 346 2285 ille
374 2242 442 2283 rem
472 2242 569 2283 ausus
593 2223 644 2283 est
665 2220 888 2285 incredibilem
912 2224 1011 2303 atque
1033 2220 1212 2284 inauditam
1235 2220 1318 2284 mul·

249 2337 276 2375 ae
289 2313 388 2392 toque
419 2310 523 2393 magis
553 2308 594 2371 ad
622 2310 744 2372 famam
774 2311 968 2373 temeritatis
998 2331 1095 2392 quarn
1124 2310 1247 2395 gloriae
1269 2309 1317 2372 in-

290 2397 1318 2571 §ttttlmlttttltttlllutlltttztttl
1336 2414 1352 2460 ²

290 2581 417 2640 cantem
441 2581 527 2640 certe
550 2581 584 2641 31
605 2599 673 2642 non
696 2576 838 2641 inultum
861 2599 929 2640 esse
951 2577 1159 2641 moriturum:
1184 2575 1318 2659 quippe,

289 2670 463 2749 antequam
494 2667 695 2750 adsurgeret,
728 2666 871 2749 opprimi
901 2669 1030 2748 poterat
1058 2670 1090 2729 et
1118 2667 1192 2748 capi
1214 2665 1317 2727 vivusv

247 2782 274 2821 rs
290 2753 353 2819 Sed
375 2755 461 2819 forte
484 2756 531 2818 ita
554 2755 727 2819 libraverat
750 2777 883 2839 corpus,
914 2759 953 2818 ut
975 2776 1010 2818 se
1032 2754 1169 2837 pedibus
1193 2755 1318 2835 excipe·
1336 2768 1353 2816 3

288 2849 352 2909 ret:
381 2845 492 2928 itaque
519 2849 608 2907 stans
632 2844 695 2907 init
716 2866 871 2929 pugnam
917 2842 971 2927 Et,
993 2865 1034 2907 ne
1057 2843 1222 2909 circumiri
1244 2863 1318 2925 pos-

289 2938 355 3013 set,
387 2934 520 2996 fortuna
546 2934 739 3016 providerat
798 2932 935 2997 Vetusta
963 2931 1060 2997 arbor
1091 2931 1353 3014 haudprocu14

288 3043 382 3085 muro
404 3044 513 3085 ramos
535 3021 640 3084 multa
662 3021 777 3085 fronde
800 3022 952 3104 vestitos,
982 3020 1072 3085 velut
1095 3020 1135 3083 de
1158 3021 1319 3084 industria

288 3131 398 3193 regem
417 3114 635 3195 protegentes,
654 3110 830 3174 obiecerat:
848 3109 947 3173 huius
966 3111 1112 3193 spatioso
1130 3110 1235 3193 stipiti
1249 3130 1317 3172 cor-

248 3221 360 3281 copus,
383 3221 425 3262 ne
449 3199 610 3262 circumiri
632 3204 753 3282 posset,
776 3198 933 3282 adplicuit
956 3199 1061 3282 clipeo
1080 3197 1154 3281 tela,
1175 3220 1260 3282 qnae
1278 3220 1318 3261 ex

364 3346 381 3391 5
396 3338 596 3408 distinxerant]
607 3337 852 3392 distincxerantv.
905 3344 921 3391 7
933 3338 1037 3409 clipeo]
1048 3337 1148 3407 clypeo
1158 3343 1179 3390 Β
1189 3356 1225 3391 m.
1231 3355 1277 3406 pr.
1287 3343 1317 3389 P.

287 3416 304 3464 8
325 3411 387 3477 ipse
405 3412 519 3478 scripsi:
543 3409 651 3477 ubique
669 3415 700 3474 0,
723 3409 774 3462 ubi
792 3416 821 3464 P.
931 3408 1093 3480 petebatur]
1117 3408 1270 3479 patebatur
1287 3414 1316 3461 P.

291 3486 324 3534 10
344 3479 487 3552 [telorum]
502 3482 554 3535 del.
568 3482 734 3536 1110133133.
791 3486 824 3533 16
839 3480 928 3551 velut]
944 3480 1033 3535 uelud
1047 3486 1075 3533 P.
1132 3486 1165 3534 17
1180 3480 1315 3551 clipeum]

289 3552 420 3621 clypeum
433 3558 454 3605 Β
468 3571 503 3608 m.
514 3558 628 3621 pr.1.P.
696 3557 728 3605 18
743 3552 884 3623 desiliret]
899 3551 1067 3607 dcsilcretI·
1083 3570 1118 3605 m.
1128 3570 1175 3621 pr.
1189 3558 1210 3604 P
1223 3569 1258 3605 m.
1269 3569 1315 3619 pr.

289 3629 323 3675 20
338 3624 501 3747 quamkom.
516 3630 537 3676 P
550 3642 589 3677 111..
596 3641 642 3692 pr.
726 3629 760 3676 24
774 3624 912 3694 opprimi]
931 3623 1034 3692 oprimi
1061 3629 1090 3676 P.
1171 3629 1205 3676 25
1229 3622 1317 3676 libra-

287 3696 378 3765 verat]
406 3695 428 3748 li
450 3698 582 3749 erauerat
605 3700 682 3749 Bm.
701 3714 747 3763 pr.
765 3701 787 3746 P
810 3713 845 3749 m.
862 3713 910 3763 pr.
1020 3700 1054 3747 36
1081 3697 1180 3763 posset
1207 3696 1316 3748 Mser:

287 3767 379 3835 possit
406 3771 437 3819 Δ.
537 3772 572 3819 37
600 3766 696 3837 arbor]
724 3766 825 3821 arbore
852 3772 883 3820 V.
993 3772 1028 3819 28
1055 3765 1144 3837 velut]
1172 3765 1259 3819 uelud
1287 3770 1316 3818 P.

289 3844 324 3891 30
342 3838 434 3906 clipeo
452 3843 479 3889 1:
499 3837 599 3907 clypeo
618 3841 847 3907 Bm.pr‚1.PV,
865 3838 962 3907 clepeo
980 3842 1049 3892 rm.
1061 3854 1107 3905 pr.
