3150 4459
379 533 381 536 .
446 450 701 508 maroanauu
719 451 933 507 rauranum
951 451 996 519 m,
1015 459 1040 507 r.
1057 459 1081 506 a.
1232 451 1272 514 15

249 639 283 681 se
315 638 385 681 esse
416 622 604 682 contentum
637 657 677 665 -
710 618 874 683 descendit
905 617 938 680 in
966 617 1094 682 flumen.
1141 616 1305 701 Vixquea

191 753 195 790 ,÷
248 706 388 793 ingressi
413 708 521 772 subito
545 707 680 773 horrore
704 712 793 773 artus
821 708 926 793 rigere
950 710 1139 791 coeperunt,
1166 706 1272 790 pallor

191 841 197 882 ·,
249 795 367 860 deinde
385 796 526 861 suffusus
546 801 594 861 est
613 801 646 862 et
659 801 766 862 totum
780 796 1016 881 propemodum
1030 817 1148 881 corpus
1162 795 1273 861 vitalis

249 885 341 950 calor
353 885 459 968 liquit.
496 886 670 969 Expiranti
685 886 825 951 similem
836 885 979 950 ministri
994 908 1091 950 manu
1106 886 1272 969 excipiunt
1291 900 1308 946 4

225 996 309 1039 enee
333 974 412 1040 satis
437 980 620 1059 compotem
643 976 761 1040 mentis
789 977 824 1039 in
847 973 1090 1040 tabernaculum
1115 974 1272 1039 deferunt.

191 1131 192 1136 ,
249 1062 371 1149 Ingens
390 1063 576 1129 sollicitudo
600 1069 632 1129 et
655 1088 757 1149 paene
780 1066 844 1129 iam
864 1063 970 1128 luctus
995 1065 1028 1127 iu
1053 1065 1167 1129 castris
1191 1067 1272 1128 erat:

191 1149 206 1234 ξ
249 1153 366 1218 flentes
396 1155 613 1237 querebantur
641 1156 675 1218 in
702 1159 794 1219 tanto
823 1156 947 1237 impetu
977 1175 1137 1237 cursuque
1164 1167 1307 1218 rerumo

191 1285 201 1330 ξ
249 1243 358 1307 omnis
381 1243 496 1307 aetatis
519 1266 556 1309 ao
579 1243 753 1309 memoriae
777 1243 992 1309 clarissimum
1016 1264 1125 1328 regem
1148 1264 1214 1308 non
1238 1242 1272 1307 in

191 1343 202 1412 ῥ’
248 1332 317 1397 acie
350 1332 477 1413 saltem,
507 1353 573 1397 nou
604 1333 644 1397 ab
674 1332 768 1398 hoste
799 1333 972 1415 deiectum,
1003 1332 1057 1396 sed
1087 1332 1273 1397 abluentem

191 1421 235 1510 'pu
248 1443 336 1505 aqua
351 1443 468 1506 corpus
482 1425 629 1506 ereptum
643 1443 713 1487 esse
728 1427 760 1487 et
774 1424 962 1488 extinctum.
991 1420 1116 1485 Instare
1130 1421 1272 1486 Dareum
1291 1438 1307 1484 6

191 1532 192 1554 ²
247 1512 416 1592 victorem,
430 1516 604 1594 antequam
619 1512 752 1577 vidisset
765 1512 903 1577 hostem.
932 1510 1003 1575 sibi
1018 1511 1145 1576 easdam
1159 1515 1272 1593 terrea,

248 1622 332 1684 quas
352 1601 487 1666 victoria
504 1606 740 1687 peragrassent,
759 1601 961 1685 repetendas:
981 1602 1089 1666 omnia
1108 1605 1164 1665 aut
1183 1602 1271 1685 ipsos

247 1694 305 1754 aut
324 1688 435 1755 hostes
454 1690 636 1774 populatos.
688 1691 751 1755 Per
769 1696 878 1756 vastas
897 1690 1098 1770 solitudines,
1121 1690 1218 1755 etiam
1244 1692 1271 1755 si

246 1801 346 1843 nemo
365 1780 493 1863 insequi
516 1779 604 1862 velit,
627 1785 740 1844 euntes
763 1781 848 1845 fame
872 1784 969 1865 atque
988 1781 1098 1864 inopia
1118 1779 1271 1845 debellari

206 1894 233 1934 ra
247 1891 354 1952 posse.
402 1866 504 1945 Quem
526 1869 657 1953 signum
681 1870 832 1935 daturum
851 1870 1075 1955 fugientibus?
1099 1892 1194 1953 quem
1218 1885 1306 1933 au-7

249 1980 365 2023 surum
379 1956 564 2023 Alexandro
585 1959 775 2024 succedere?
820 1957 889 2023 Iam
909 1962 946 2024 ut
966 1960 1007 2024 ad
1021 1958 1270 2043 Hellespontum

247 2048 330 2132 fuga
352 2051 572 2131 penetrarent,
596 2049 745 2133 classem,
770 2070 836 2132 qua
858 2052 1033 2132 transeant,
1062 2070 1157 2131 quem
1181 2070 1270 2132 prae-

246 2138 462 2219 paraturum?
485 2136 610 2202 Rursus
630 2139 665 2202 in
683 2137 791 2222 ipsum
811 2160 920 2224 regem
939 2138 1161 2203 misericordia
1179 2160 1271 2203 versa
1290 2154 1306 2200 s

247 2225 343 2290 illum
361 2226 475 2291 florem
494 2227 652 2310 iuventae,
676 2228 766 2292 illam
786 2226 853 2292 vim
872 2228 980 2311 animi,
1004 2228 1141 2292 eundem
1162 2248 1270 2313 regem

204 2335 233 2379 ao
248 2320 280 2379 et
312 2316 569 2380 commilitonem
596 2316 705 2381 divelli
735 2340 753 2381 a
781 2338 815 2380 se
844 2321 876 2381 et
903 2316 1053 2401 abrumpi
1077 2317 1270 2381 inmemores

191 2400 231 2460 13
248 2404 300 2468 sui
333 2406 557 2487 querebantur.
604 2404 693 2470 Inter
724 2407 805 2471 haec
834 2405 967 2471 liberius
998 2428 1104 2470 meare
1135 2406 1305 2490 spirituas

247 2498 408 2578 coeperat,
432 2495 658 2579 adlevaratque
679 2517 736 2559 rex
756 2495 867 2560 oculos
891 2499 923 2559 et
941 2496 1099 2580 paulatim
1117 2495 1271 2559 redeunte
1373 2503 1380 2517 ⁸

247 2585 358 2648 animo
388 2583 633 2649 circumstantes
661 2585 783 2650 amicos
807 2589 995 2670 agnoverat,
1026 2585 1197 2668 laxataque
1220 2585 1271 2648 vis
1328 2610 1332 2622 ’

246 2672 355 2736 morbi
387 2673 429 2737 ob
460 2672 523 2737 hoc
553 2673 659 2738 solum
689 2674 873 2758 videbatur,
906 2674 981 2757 quia
1012 2674 1270 2760 magnitudinem

206 2784 232 2826 aa
246 2761 327 2826 mali
342 2762 509 2826 sentiebat.
556 2761 667 2827 Animi
682 2768 790 2828 autem
805 2763 973 2849 aegritudo
989 2785 1106 2848 corpus
1120 2763 1270 2848 urgebat:
1291 2779 1323 2828 10

246 2852 370 2935 quippe
394 2849 535 2916 Dareum
559 2854 673 2937 quinto
698 2852 748 2917 die
772 2853 806 2916 in
827 2850 941 2917 Cilicia
963 2854 1032 2917 fore
1051 2851 1269 2916 nuntiabatur.

246 2939 404 3005 Vinctum
428 2962 505 3025 ergo
529 2963 564 3005 se
587 2941 672 3005 tradi
700 2946 732 3006 et
755 2945 879 3006 tautam
903 2943 1074 3007 victoriam
1103 2942 1183 3025 eripi
1207 2942 1271 3005 sibi

245 3052 287 3093 ex
319 3029 468 3094 manibus
500 3031 700 3115 obscuraque
731 3034 763 3095 et
794 3031 932 3116 ignobili
962 3035 1067 3095 morte
1100 3031 1134 3093 iu
1166 3032 1270 3095 taber-

244 3118 363 3183 naculo
398 3120 544 3205 extingui
577 3142 611 3184 se
644 3121 845 3204 querebatur.
900 3119 1125 3204 Admissisque
1157 3120 1268 3185 amicis
1290 3136 1321 3185 11

204 3232 230 3274 ro
245 3209 371 3293 pariter
390 3230 428 3273 ac
445 3210 593 3274 medicis:
613 3209 664 3273 ‘In
682 3232 746 3294 quo
766 3210 840 3294 me',
858 3210 974 3295 inquit,
994 3209 1143 3274 ‘articulo
1162 3232 1270 3274 rerum

244 3319 391 3361 mearum
427 3299 560 3363 fortuna
597 3299 857 3384 deprehenderit,
895 3298 1033 3363 cernitis.
1090 3298 1268 3383 Strepitum

318 3498 332 3545 1
353 3493 530 3564 contentum]
555 3494 748 3563 contemptum
771 3500 799 3546 1..
897 3498 912 3545 9
937 3493 1089 3564 deiectum]
1113 3494 1217 3548 iactum
1241 3499 1269 3546 P.

241 3570 278 3618 10
298 3563 441 3634 ereptum]
467 3568 599 3634 eruptum
623 3570 642 3617 P
666 3584 701 3619 m.
718 3582 778 3633 pr„
806 3567 952 3634 arreptum
970 3571 998 3617 1..
1091 3570 1124 3618 18
1150 3565 1269 3635 Rursus]

238 3653 338 3690 ruasus
358 3639 380 3687 B
399 3654 433 3689 m.
444 3653 490 3703 pr.
506 3641 536 3688 v.
591 3636 797 3707 misericordia]
817 3635 1038 3690 misericordiam
1055 3641 1086 3689 V.
1142 3642 1176 3689 20
1196 3653 1269 3690 com-

238 3706 416 3777 militonem]
440 3707 639 3761 commitonem
658 3713 678 3759 P
696 3726 731 3763 m.
742 3725 787 3777 pr.
881 3713 915 3761 22
935 3707 1134 3775 adlevaratque
1155 3710 1269 3762 Meiser:

238 3778 454 3846 adleuabatque
472 3783 503 3833 A.
569 3778 861 3834 240bhoelcuiua:
881 3778 989 3832 adhoc
1009 3785 1039 3831 A.
1105 3784 1137 3832 26
1158 3778 1269 3850 Cilicia]

236 3851 334 3905 cilitia
353 3855 382 3916 P,
401 3850 468 3903 cilia
487 3856 507 3903 Ι.
525 3869 560 3905 m.
570 3870 616 3920 pr.
