3150 4459
329 442 394 507 346
706 441 737 508 Q.
757 440 869 497 GURTI
885 442 974 498 RUFI

327 610 443 670 natura
466 628 597 690 quoque
616 606 744 670 inmitia
763 606 908 671 efferavit
926 607 1069 692 ingenia:
1092 608 1281 691 prominent
1301 630 1361 671 un-

329 717 408 779 gues
430 718 608 779 numquam
631 696 735 778 recisi,
759 716 869 760 comae
887 695 1033 759 hirsutae
1046 700 1084 761 et
1102 696 1250 760 intonsae
1272 701 1360 762 sunt.

276 801 309 850 10
328 783 472 870 Tuguria
490 784 622 849 conchis
641 788 673 848 et
691 785 807 849 ceteris
825 786 1048 870 purgamentis
1066 786 1164 850 maris
1179 786 1360 850 instruunt.

327 872 481 939 Ferarum
500 874 640 958 pellibus
659 874 738 939 tecti
756 874 901 958 piscibus
923 874 991 939 sole
1011 875 1133 938 duratis
1147 879 1180 940 et
1194 875 1360 940 maiorum

328 984 458 1046 quoque
482 963 660 1046 beluarum,
684 985 763 1046 quas
786 962 904 1028 fluctus
928 964 1032 1047 eiecit,
1056 986 1151 1029 carne
1170 969 1359 1028 vescuntur.
1388 993 1398 1032 s

276 1068 308 1116 11
329 1050 539 1135 Consumptis
563 1053 663 1138 igitur
686 1052 849 1117 alimentis
863 1052 1056 1118 Macedones
1074 1054 1180 1137 primo
1200 1054 1361 1137 inopiam,

329 1140 443 1204 deinde
474 1141 515 1204 ad
544 1141 696 1205 ultimum
727 1141 847 1205 famem
880 1142 999 1206 sentire
1027 1147 1202 1226 coeperunt
1229 1144 1360 1209 radices

327 1231 508 1314 palmarum
538 1266 573 1276 —
600 1252 739 1312 namque
767 1232 837 1295 sola
867 1253 904 1295 ea
927 1232 1024 1295 arbor
1046 1231 1193 1317 gignitur
1216 1268 1261 1278 -
1285 1232 1360 1296 ubi-

275 1335 307 1383 12
328 1341 390 1402 que
413 1320 576 1384 rimantes.
622 1319 763 1382 Etcum
791 1319 871 1385 haec
901 1342 1029 1403 quoque
1053 1322 1206 1385 alimenta
1230 1320 1359 1386 defece-

326 1412 409 1491 rant,
432 1408 578 1473 iumenta
601 1408 731 1473 caedere
755 1408 899 1494 adgressi
921 1431 962 1472 ne
985 1410 1078 1491 equis
1103 1410 1233 1492 quidem
1258 1410 1360 1475 absti-
1375 1439 1397 1478 ιο

326 1497 455 1562 nebant.
501 1496 546 1561 Et
561 1520 634 1563 cum
649 1498 804 1581 deessent,
819 1520 900 1581 quae
916 1498 1055 1563 sarcinas
1070 1500 1232 1581 veherent,
1250 1501 1360 1582 spolia

327 1586 366 1649 de
385 1585 545 1670 hostibus,
563 1591 698 1671 propter
711 1608 794 1669 quae
809 1587 924 1651 ultima
939 1586 1079 1651 Orientis
1094 1593 1360 1672 peragraverant,

275 1691 308 1739 13
327 1675 513 1739 cremabant
532 1676 690 1739 incendio.
736 1675 869 1740 Famem
899 1677 1013 1741 deinde
1036 1678 1222 1761 pestilentia
1246 1683 1360 1742 secuta

328 1770 385 1829 est.
432 1763 558 1848 Quippe
581 1764 795 1829 insalubrium
820 1766 965 1830 ciborum
988 1767 1080 1830 noxii
1110 1767 1193 1848 suci,
1226 1766 1360 1831 adhoc

327 1854 453 1918 itineris
481 1854 575 1918 labor
604 1858 636 1919 et
659 1854 830 1939 aegritudo
854 1856 954 1918 animi
978 1855 1190 1939 vulgaverant
1212 1856 1359 1938 morbos,
1374 1884 1395 1924 rs

327 1946 359 2005 et
387 1964 447 2008 nec
474 1966 605 2008 manere
636 1944 704 2008 sine
729 1944 819 2008 clade
841 1965 902 2008 nec
925 1945 1078 2029 progredi
1101 1948 1266 2029 poterant:
1290 1968 1360 2009 ma-

326 2036 440 2095 nentes
470 2033 585 2117 fameS,
615 2054 806 2118 progressos
839 2033 944 2097 acrior
973 2034 1159 2117 pestilentia
1186 2035 1358 2117 urguebat.

274 2137 308 2184 14
326 2119 416 2204 Ergo
437 2122 528 2185 strati
548 2126 640 2186 erant
659 2123 765 2205 campi
783 2144 886 2206 paene
904 2123 1053 2206 pluribus
1073 2124 1237 2187 semivivis
1258 2145 1358 2206 quarn

326 2210 543 2274 cadaveribus.
576 2210 625 2273 Ac
643 2234 684 2275 ne
703 2210 805 2275 levius
825 2211 956 2295 quidem
975 2212 1064 2297 aegri
1083 2211 1174 2295 sequi
1187 2216 1359 2296 poterant:

326 2299 446 2382 quippe
466 2321 581 2385 agmen
599 2300 719 2383 raptim
739 2300 897 2385 agebatur
910 2305 1037 2364 tantum
1053 2300 1190 2386 singulis
1206 2301 1247 2364 ad
1265 2324 1358 2385 spem
1373 2329 1394 2368 ao

326 2389 439 2452 salutis
472 2390 560 2471 ipsos
592 2390 749 2471 proficere
782 2389 1000 2472 credentibus,
1037 2396 1194 2473 quantum
1227 2391 1357 2455 itineris

274 2492 307 2542 15
326 2477 508 2541 festinando
532 2477 763 2561 praeciperent.
810 2476 930 2565 Igitur,
959 2481 1014 2562 qui
1039 2480 1234 2562 defecerant,
1258 2484 1357 2544 notos

327 2565 531 2650 ignotosque,
555 2572 591 2631 ut
615 2567 848 2652 adlevarentur,
872 2567 1021 2632 orabant:
1050 2568 1105 2632 sed
1127 2590 1186 2632 neo
1211 2569 1358 2633 iumenta

327 2660 429 2739 erant,
452 2655 571 2738 quibus
595 2658 700 2740 excipi
723 2661 867 2741 possent,
891 2662 923 2721 et
946 2658 1039 2722 miles
1063 2659 1117 2720 vix
1139 2679 1227 2720 arma
1247 2664 1357 2741 porta-

326 2744 395 2827 bat,
429 2744 682 2828 inminentisque
719 2749 752 2808 et
783 2745 864 2829 ipsis
899 2747 998 2811 facies
1028 2747 1107 2810 mali
1137 2750 1212 2809 ente
1243 2748 1357 2811 oculos
1372 2774 1393 2813 ss

328 2840 403 2897 erat.
446 2834 535 2920 Ergo
560 2836 686 2919 saepius
711 2837 853 2899 revocati
876 2857 917 2898 ne
940 2836 1099 2919 respicere
1123 2836 1253 2917 quidem
1279 2858 1357 2901 suos

274 2938 307 2987 lo
327 2923 530 2988 sustinebant
552 2924 773 2988 misericordia
796 2925 832 2988 in
853 2925 1059 2988 formidinem
1083 2947 1183 2988 versa.
1229 2922 1285 2989 Illi
1309 2948 1356 2989 re-

326 3012 398 3077 licti
427 3012 503 3076 deos
531 3017 631 3077 testes
660 3016 692 3077 et
718 3034 809 3077 sacra
832 3016 1016 3078 communia
1039 3014 1190 3099 regisque
1213 3015 1357 3097 inplora-

326 3101 405 3165 bant
429 3123 532 3185 opem,
557 3123 695 3184 cumque
718 3103 840 3167 frustra
864 3104 976 3167 surdas
1000 3125 1093 3167 aures
1112 3103 1297 3188 fatigarent,
1323 3106 1355 3168 in

401 3259 561 3330 linmitia]
580 3259 698 3313 inmicia
716 3265 743 3312 P.
807 3260 936 3331 trecisi]
955 3260 1044 3314 reciso
1064 3265 1133 3315 Pm.
1143 3278 1190 3330 pr.
1253 3267 1356 3316 tcon-

328 3330 400 3400 chis]
421 3331 514 3384 concis
529 3336 556 3382 P.
631 3331 704 3384 9Et
717 3332 829 3400 sumpsi:
850 3331 900 3384 sed
914 3336 944 3384 A.
1025 3337 1058 3385 14
1077 3331 1154 3385 noxii
1170 3332 1355 3388 Cornelissen:

327 3401 395 3455 noui
413 3406 443 3455 Δ.
535 3402 589 3455 hoc
608 3402 730 3473 itineris]
749 3402 903 3457 hoctineris
921 3408 941 3455 L
958 3421 993 3457 m.
1005 3420 1050 3472 pr.
1143 3409 1175 3457 16
1194 3406 1355 3476 manentes]

327 3475 477 3527 manentes
497 3478 517 3524 Β
537 3491 572 3527 m.
583 3491 628 3542 pr.
706 3479 738 3528 17
758 3474 901 3545 urguebat
918 3480 950 3526 P:
975 3474 1095 3545 urgebat
1115 3480 1139 3527 0.
1218 3479 1251 3528 18
1272 3477 1355 3529 semi-

327 3544 410 3615 vivis]
434 3544 563 3597 simuiuis
582 3550 651 3599 Pm.
662 3563 707 3615 pr.
820 3546 1142 3616 1one]om.1²m.pr.
1251 3546 1354 3619 levius]

326 3615 417 3669 leuior
435 3620 463 3668 P.
533 3622 566 3669 21
587 3617 737 3688 quantum]
757 3619 894 3685 quantam
912 3622 933 3669 P
948 3635 982 3671 m.
993 3635 1039 3686 pr.
1104 3623 1137 3670 22
1157 3619 1252 3688 notos]
1272 3621 1355 3673 natos

326 3692 395 3740 Bm.
406 3704 452 3757 pr.
527 3694 561 3741 24
576 3688 615 3759 et]
635 3705 686 3742 om.
701 3693 729 3741 P.
803 3688 949 3758 portabat]
967 3688 1122 3757 portabant
1135 3694 1156 3741 P
1170 3706 1205 3742 m.
1216 3707 1271 3758 pr,
1291 3707 1355 3758 por·

325 3758 428 3812 tabast
445 3763 476 3814 V.
541 3764 575 3812 25
595 3759 665 3827 ipsis
684 3760 853 3814 nectentes:
874 3759 964 3828 ipsius
983 3764 1013 3813 Δ.
1084 3764 1117 3812 29
1137 3763 1270 3832 cumque]
1291 3779 1355 3815 oum

326 3835 346 3882 P
360 3848 394 3884 m.
405 3847 451 3898 pr.
525 3830 636 3902 surdas]
657 3830 755 3885 surdos
775 3836 804 3883 P.
