3150 4459
332 472 399 537 ‘240
713 472 744 539 Q.
765 472 874 527 CURTI
891 472 979 526 RUFI

331 636 523 701 mortalibus
546 636 702 701 beneficia
723 637 830 717 debes,
853 658 919 701 non
939 658 996 701 sua
1015 635 1150 719 eripere:
1176 634 1231 697 sin
1250 638 1358 699 autem

330 725 428 790 homo
453 747 496 809 es,
519 725 663 810 iduquod
685 748 728 809 es,
752 747 878 810 semper
901 748 970 789 esse
994 730 1026 789 te
1050 724 1167 808 cogita.
1211 722 1360 788 Stultum

331 819 381 880 est
412 836 522 880 corum
556 816 754 898 meminisse,
786 819 919 899 propter
952 837 1033 899 quae
1066 814 1116 878 tui
1143 813 1360 878 obliviscaris.

277 918 310 965 av
331 903 456 980 Quibus
479 904 601 969 bellum
625 928 691 970 non
714 905 872 989 intuleris,
894 904 989 968 bonis
1013 904 1127 967 amieis
1150 902 1276 986 poteris
1302 903 1360 966 uti.

329 992 415 1058 Nam
437 999 470 1058 et
487 994 673 1060 firmissima
698 997 748 1059 est
766 993 851 1057 inter
869 1015 961 1077 pares
979 993 1132 1075 amicitia,
1154 995 1186 1055 et
1205 992 1362 1056 videntur
1387 1016 1397 1055 s

330 1106 437 1169 pares,
470 1084 527 1168 qui
560 1105 624 1147 non
656 1083 802 1148 fecerunt
835 1083 919 1147 inter
952 1104 985 1147 se
1017 1080 1193 1165 periculum
1226 1081 1360 1145 virium.

276 1183 310 1232 28
331 1171 419 1249 Quos
441 1172 565 1256 viceris,
588 1174 710 1238 amicos
733 1173 795 1236 tibi
818 1193 895 1256 esse,
921 1194 1005 1255 cave,
1029 1171 1146 1236 credas.
1188 1168 1282 1235 Inter
1305 1171 1360 1235 do-

330 1263 453 1326 minum
487 1266 520 1326 et
552 1284 679 1326 servum
713 1265 803 1327 nulla
835 1262 978 1327 amicitia
1001 1264 1063 1325 est:
1096 1260 1192 1323 etiam
1217 1260 1252 1322 in
1277 1282 1361 1344 pace

277 1363 310 1410 29
330 1350 408 1416 belli
435 1355 545 1416 tamen
571 1352 642 1415 iura
666 1355 843 1415 servantur.
889 1349 1028 1414 Iurando
1052 1350 1190 1435 gratiam
1216 1347 1359 1433 Scythas

330 1442 454 1506 sancire
482 1462 524 1505 ne
554 1441 739 1505 credideris:
769 1440 904 1505 colendo
935 1440 1031 1503 fidem
1054 1439 1171 1503 iurant.
1219 1436 1360 1504 Graeco·
1375 1464 1397 1502 n

329 1553 401 1594 rum
425 1532 488 1594 ista
511 1530 617 1594 cautio
641 1534 706 1613 est,
737 1531 793 1613 qui
816 1533 911 1613 pacta
934 1528 1128 1615 consignant
1151 1532 1183 1592 et
1206 1526 1286 1592 deos
1312 1530 1360 1592 in-

329 1624 459 1684 vocant:
482 1640 541 1683 nos
564 1619 754 1706 religionem
778 1620 813 1682 in
835 1620 907 1702 ipsa
928 1618 990 1681 fide
1009 1618 1168 1702 ponimus.
1206 1615 1270 1691 Qui
1291 1640 1361 1683 non

329 1712 515 1772 reverentur
538 1709 695 1793 homines,
718 1708 837 1772 fallunt
857 1707 940 1771 deos.
978 1706 1047 1771 Nec
1066 1707 1126 1771 tibi
1146 1708 1251 1771 arnico
1272 1729 1360 1791 opus

276 1809 311 1857 30
331 1802 392 1881 est,
415 1797 464 1861 de
496 1800 588 1862 cuius
620 1797 839 1863 benivolentia
873 1796 1008 1860 dubites.
1055 1794 1203 1860 Ceterum
1231 1817 1294 1859 nos
1328 1802 1361 1861 et

330 1886 427 1951 Asiae
450 1891 484 1951 et
505 1886 657 1971 Europae
680 1887 830 1953 custodes
853 1885 1000 1949 habebis:
1025 1884 1154 1968 Bactra,
1186 1884 1250 1949 nisi
1276 1885 1359 1950 divi-
1374 1910 1396 1951 u

330 1976 386 2041 dat
407 1975 534 2060 Tanais,
558 1976 787 2063 contingimus,
809 1978 896 2040 ultra
913 1974 1037 2039 Tanain
1061 1978 1163 2039 terras
1186 1996 1293 2058 usque
1318 1976 1359 2040 ad

330 2065 501 2131 Thraciam
533 2067 683 2147 colimus,
715 2065 871 2129 Thraciae
894 2063 1114 2128 Macedoniarn
1149 2063 1359 2129 coniunctam

330 2177 400 2220 esse
422 2156 509 2219 fama
527 2156 618 2219 fert..
646 2154 808 2219 Utrumne
827 2154 964 2238 imperio
986 2156 1042 2217 tuo
1062 2152 1219 2217 finitimos
1243 2152 1359 2219 hostes

276 2243 314 2296 IX
330 2268 372 2308 an
396 2245 515 2309 amicos
539 2245 619 2309 velis
642 2266 721 2329 esse,
744 2242 934 2310 considera’.
967 2240 1056 2306 Haec
1074 2241 1239 2306 barbarus.
1274 2240 1360 2307 Con·
1374 2248 1399 2303 111

330 2339 381 2397 tra
403 2356 460 2398 rex
483 2334 614 2398 fortuna
637 2356 696 2398 sua
719 2338 751 2398 et
775 2333 919 2398 consiliis
943 2353 1054 2395 eorum
1078 2352 1112 2395 se
1130 2353 1265 2395 usurum
1287 2354 1359 2399 esse
1373 2358 1397 2398 so

330 2423 517 2507 respondet:
540 2445 614 2486 nam
639 2426 671 2486 et
689 2423 863 2507 fortunam,
887 2422 940 2487 cui
958 2422 1108 2505 confidat,
1131 2424 1164 2484 et
1183 2421 1360 2487 consilium

331 2513 545 2595 suadentium,
567 2535 608 2576 ne
632 2512 710 2596 quid
733 2516 854 2576 temere
878 2515 910 2575 et
929 2511 1080 2574 audacter
1098 2511 1205 2593 faciat,
1229 2516 1358 2575 secutu-

295 2614 411 2666 2rum.
457 2601 673 2684 Dimissisque
704 2602 822 2688 legatis
854 2601 888 2664 in
920 2603 1127 2685 praeparatas
1154 2603 1238 2663 rates
1268 2621 1360 2664 exer-

330 2692 431 2755 citum
455 2691 608 2775 inposuit.
645 2689 683 2754 ln
707 2691 813 2775 proris
836 2690 992 2773 clipeatos
1014 2691 1178 2753 locaverat
1196 2689 1303 2752 iussos
1323 2691 1358 2754 in

330 2802 436 2866 genua
462 2780 635 2865 subsidere,
659 2802 723 2865 quo
747 2780 883 2844 tutiores
907 2783 1013 2842 essent
1032 2779 1182 2843 adversus
1202 2777 1286 2842 ictus
1308 2803 1357 2844 sa·
1371 2806 1396 2845 rs

404 2945 418 2994 1
437 2938 587 3009 beneficia]
605 2937 740 2992 benefitia
759 2943 787 2991 Ρ.
879 2938 974 2990 autem
993 2953 1044 2990 om.
1059 2942 1089 2989 B.
1179 2942 1195 2988 2
1215 2935 1292 3002 quod
1313 2937 1356 3007 ss]

331 3010 406 3079 quod
424 3015 456 3064 B.
516 3025 577 3064 esse
596 3009 636 3080 ts]
655 3018 684 3063 te
704 3025 764 3063 esse
783 3015 811 3063 Ρ.
874 3007 1009 3078 Stultum]
1029 3007 1133 3061 stultus
1152 3013 1182 3060 Ρ.
1246 3006 1356 3061 3obli-

330 3081 448 3136 viscaris
466 3087 492 3135 1:
513 3080 689 3135 obliuiscaris
709 3086 767 3134 AB.
854 3086 946 3133 4n0n
965 3096 1016 3134 orn.
1032 3085 1062 3132 Ρ.
1151 3084 1165 3131 7
1186 3078 1264 3149 cave]
1285 3095 1356 3133 caue

331 3171 366 3207 ne
380 3159 411 3207 B.
467 3153 576 3223 credas]
592 3153 688 3206 credes
703 3158 732 3205 V.
797 3158 812 3205 9
831 3151 894 3205 iura
907 3156 928 3203 B
943 3168 1011 3206 corr.
1026 3155 1049 3203 V
1064 3167 1145 3205 corn:
1165 3149 1225 3203 iure
1239 3155 1299 3202 AB.

332 3225 463 3295 Scythas]
483 3223 632 3288 scithas1',
652 3226 746 3292 scytas
760 3229 791 3276 B.
844 3230 875 3276 11
895 3224 981 3292 pacta
994 3224 1182 3293 Bonpursius:
1202 3221 1278 3275 facta
1293 3226 1354 3276 AB.

333 3303 365 3351 12
380 3296 512 3365 ponimus
522 3297 650 3351 Fossias:
672 3295 803 3349 nouimus
817 3300 876 3347 AB.
933 3299 966 3347 13
981 3295 1155 3364 reverentur]
1169 3308 1355 3347 reueniren-

330 3371 379 3421 tur
401 3374 429 3421 P.
504 3367 673 3421 rehabebis
693 3372 724 3420 1²:
748 3366 837 3420 habes
852 3372 877 3419 11.
957 3372 989 3419 16
1008 3366 1097 3419 terras
1116 3365 1226 3433 scripsi:
1247 3365 1275 3417 et
1293 3369 1354 3420 AB.

335 3445 364 3492 17
380 3438 531 3492 Thraciam
543 3444 564 3491 B
578 3458 612 3492 nr.
627 3456 689 3494 sec:
704 3437 824 3492 traciam
838 3443 896 3491 AB.
952 3437 1070 3490 colimus
1085 3437 1253 3491 Frobcains:
1273 3435 1354 3489 colli-

331 3512 384 3565 bus
398 3516 456 3563 AR.
517 3510 654 3564 Thraciae
673 3516 698 3563 1:
718 3510 823 3563 traciae
840 3513 953 3574 BLRV,
973 3508 1076 3562 tratiae
1091 3513 1120 3574 Ρ,
1138 3506 1255 3561 traicias
1270 3512 1299 3560 Ρ.

331 3581 539 3652 Macedoniam]
558 3581 751 3635 macedoniam
764 3587 796 3635 R.
856 3586 888 3635 18
908 3578 1044 3633 Utrumne
1063 3581 1173 3648 scripsi:
1193 3579 1308 3647 utrique
1323 3585 1353 3632 Δ.

333 3659 365 3707 19
381 3652 539 3724 considera]
553 3654 756 3708 hccuerbodes.
767 3658 798 3705 R.
854 3659 886 3705 21
903 3651 1067 3722 respondet]
1076 3650 1301 3720 responditvm.
1307 3669 1354 3719 pr.

331 3731 365 3778 23
380 3724 578 3795 Dimissisque]
593 3725 758 3792 dimisisque
773 3727 956 3793 Lm.pr.1’v.
1013 3722 1053 3793 in]
1067 3722 1106 3775 im
1120 3727 1149 3776 Ρ.
1205 3726 1238 3773 24
1253 3720 1300 3792 ln]
1314 3721 1355 3776 im

331 3803 360 3850 V.
413 3795 548 3865 clipeatos
562 3802 588 3850 1:
608 3796 752 3864 clypeatos
767 3801 790 3848 Δ
805 3793 982 3866 [olyppeatos
997 3795 1040 3865 V]
1096 3799 1129 3846 25
1149 3794 1254 3864 genua]
1269 3793 1356 3846 ianua

326 3875 355 3921 L.
406 3867 536 3941 tutiores]
547 3867 668 3922 tuciorcs
683 3874 710 3921 L.
757 3867 904 3938 adversus]
918 3883 1033 3919 auersus
1043 3871 1070 3918 Ρ.
1117 3865 1202 3936 ictus]
1217 3864 1313 3919 hictus
1323 3870 1355 3919 V.
