3150 4459
311 431 373 495 126
684 428 715 495 Q.
735 428 844 485 GURTI
863 430 949 483 RUFI

309 594 416 677 dibus,
450 594 605 678 quosdam
637 594 788 658 manibus
826 594 1022 677 auribusque
1056 595 1229 677 amputatis
1262 594 1330 656 inu-

308 683 433 766 stisque
462 683 671 748 barbararum
700 684 885 747 litterarum
919 685 1005 748 notis
1037 683 1071 746 in
1107 685 1243 767 longum
1281 683 1331 746 sui

307 772 484 836 ludibrium
516 777 756 838 reservaverant
789 775 835 856 et,
868 794 940 835 cum
974 795 1008 837 se
1046 793 1176 855 quoque
1208 772 1330 836 alienae

309 862 444 926 dicionis
477 883 545 926 esse
578 865 758 947 cernerent,
792 864 936 925 volentes
966 861 1035 947 regi
1068 882 1232 925 occurrere
1264 883 1330 924 non

274 970 287 1015 1
307 950 549 1035 prohibuerant.
590 949 760 1015 Invisitata
783 950 962 1035 simulacra,
984 971 1051 1014 non
1074 951 1222 1015 homines
1245 950 1330 1014 vide·
1358 977 1370 1017 1

306 1040 437 1123 bantur,
461 1043 717 1124 necquicquam
745 1040 778 1103 in
807 1039 872 1104 illis
899 1044 1028 1123 praeter
1056 1061 1167 1105 vocem
1202 1045 1330 1123 poterat

307 1130 446 1215 agnosci.
483 1129 596 1194 Plures
620 1130 722 1217 igitur
744 1130 894 1193 lacrimas
908 1127 1123 1211 commovere,
1148 1152 1244 1212 quam
1258 1151 1330 1213 pro-

306 1219 458 1283 fuderant
485 1220 561 1302 ipsi:
590 1219 711 1303 quippe
740 1218 776 1281 in
803 1223 870 1282 tam
894 1218 1068 1303 multiplici
1091 1219 1243 1301 variaque
1267 1218 1329 1283 for-

307 1311 386 1371 tuna
409 1309 612 1394 singulorum
626 1307 828 1372 intuentibus
843 1307 964 1372 similes
984 1306 1122 1392 quidem,
1147 1308 1329 1371 sacramen

307 1397 450 1481 dispares
469 1398 696 1482 poenas,>quis
719 1398 861 1461 maxime
874 1397 1067 1461 miserabilis
1091 1401 1184 1480 esset,
1206 1397 1371 1480 liquorem

271 1502 372 1570 anon
404 1490 540 1571 poterat.
590 1485 636 1552 Ut
668 1508 743 1550 vero
780 1485 891 1551 lovem
923 1486 972 1550 illi
1001 1486 1146 1569 tandem,
1180 1483 1329 1551 Graeciae

306 1577 459 1658 ultorem,
492 1577 656 1660 aperuisse
689 1577 800 1640 oculos
833 1577 1086 1657 conclamavere,
1119 1597 1230 1639 omnes
1258 1576 1330 1660 pari

307 1665 467 1749 supplicio
496 1664 614 1729 adfecti
635 1664 699 1729 sibi
722 1664 923 1728 videbantur.
970 1663 1040 1728 Rex
1064 1665 1226 1749 abstersis,
1249 1687 1329 1747 quas

305 1755 503 1839 profuderat,
533 1754 673 1819 lacrimis
703 1754 826 1818 bonum
849 1753 968 1818 habere
990 1755 1133 1818 animum
1158 1753 1256 1837 iubet,
1285 1756 1330 1817 vi-

306 1865 399 1907 suros
414 1843 509 1907 urbes
529 1864 604 1907 suas
624 1842 851 1930 coniugesque,
866 1847 898 1907 11
913 1846 1018 1907 castra
1036 1842 1082 1906 ibi
1102 1843 1165 1907 duo
1186 1844 1225 1907 ab
1249 1843 1329 1907 urbe
1345 1869 1369 1909 1⁶

270 1950 286 1996 9
306 1933 410 1996 stadia
429 1932 615 1997 communit.
649 1931 761 1997 Graeci
775 1936 988 1997 'excesserant
1001 1934 1086 1996 vallo
1111 1932 1327 2014 deliberaturi,
1346 1938 1383 1994 18

306 2022 384 2104 quid
406 2022 613 2107 potissimum
637 2045 656 2085 a
679 2044 754 2109 rege
777 2025 940 2106 peterent:
964 2043 1101 2105 cumque
1125 2021 1197 2085 aliis
1221 2022 1327 2086 sedem

304 2112 339 2174 in
354 2111 433 2175 Asia
455 2132 579 2198 rogare,
603 2112 676 2175 aliis
698 2111 818 2177 reverti
837 2111 950 2175 domos
973 2113 1123 2195 placeret,
1147 2110 1328 2175 Euctemon

253 2216 286 2264 10
305 2198 463 2285 Cymaeus
486 2202 533 2264 ita
554 2202 682 2265 loeutus
701 2200 741 2264 ad
759 2222 814 2265 101
833 2200 950 2265 fertur:
975 2198 1024 2283 ‘li,
1039 2200 1095 2283 qui
1109 2200 1205 2264 modo
1230 2200 1328 2264 etiam

206 2315 208 2317 ’
304 2289 345 2353 ad
374 2310 468 2374 opem
498 2290 671 2374 petendam
701 2312 741 2353 ex
768 2288 913 2354 tenebris
943 2295 976 2354 et
1008 2309 1132 2353 carcere
1155 2290 1369 2374 procederem

305 2379 507 2463 erubuimus,
534 2382 572 2442 ut
603 2400 690 2443 nunc
713 2383 775 2462 est,
806 2378 965 2463 supplicia
987 2381 1100 2443 nostra
1124 2416 1165 2424 -
1190 2400 1327 2461 quorum

303 2489 364 2533 nos
387 2468 507 2552 pudeat
529 2469 634 2552 magis
657 2491 699 2533 an
721 2468 895 2553 paeniteat,
918 2467 1076 2531 incertum
1101 2472 1149 2530 111
1164 2506 1206 2513 -
1222 2472 1328 2532 01111-

253 2577 283 2621 11
304 2561 373 2621 tare
393 2555 543 2622 Graeciae
557 2559 646 2622 velut
658 2558 780 2623 laetum
795 2558 1015 2642 spectaculum
1034 2557 1191 2642 cupimus.
1224 2556 1327 2641 Atqui

304 2645 426 2730 optime
453 2647 599 2710 miserias
621 2647 747 2730 ferunt,
771 2647 827 2730 qui
851 2646 1066 2728 abscondunt,
1088 2668 1149 2711 nec
1171 2648 1238 2710 ulla
1260 2651 1326 2710 tam

303 2735 474 2800 familiaris
497 2741 547 2801 est
569 2735 755 2802 infelicibus
769 2735 875 2820 patria
890 2757 987 2819 quam
1002 2736 1143 2800 solitudo
1168 2739 1200 2799 et
1224 2739 1367 2803 11111111

303 2826 422 2910 prioris
450 2824 579 2890 oblivio
625 2824 711 2890 Nam
735 2825 792 2909 qui
822 2827 960 2888 multum
991 2826 1180 2889 insacrum
1204 2824 1327 2889 miseri-

304 2916 413 2979 cordia
431 2918 567 3000 ponunt,
589 2915 750 3001 ignorant,
769 2936 865 2997 quam
888 2913 1033 2978 celeriter
1055 2914 1206 2978 lacrimae
1226 2915 1327 2978 inare-

251 3008 403 3071 11101111.
456 3004 561 3068 Nemo
585 3004 724 3069 fideliter
748 3003 869 3090 diligit,
901 3025 995 3087 quem
1017 3003 1157 3067 fastidit:
1188 3025 1262 3068 nam
1294 3009 1326 3067 et

303 3094 470 3158 calamitas
502 3095 637 3177 querula
664 3098 713 3157 est
743 3096 775 3156 et
801 3092 940 3177 superba
966 3091 1114 3157 felicitas.
1159 3090 1210 3156 Ita
1234 3115 1325 3157 suam

303 3183 440 3266 quisque
467 3184 631 3248 fortunam
659 3182 694 3246 in
721 3182 856 3246 consilio
889 3180 1003 3266 habet,
1035 3204 1108 3245 cum
1146 3182 1184 3247 de
1221 3183 1366 3248 alienare

376 3393 580 3465 linustisque]
599 3393 702 3447 inustis
720 3399 751 3447 V.
817 3392 980 3463 tlongnm]
999 3391 1135 3462 longuum
1153 3399 1182 3447 1³.
1246 3394 1325 3448 4111-

303 3465 403 3536 cionis]
420 3465 535 3519 ditionis
549 3471 578 3533 P,
598 3464 730 3518 dictionis
744 3470 765 3517 B
779 3483 814 3518 m.
824 3482 871 3533 pr.
885 3470 906 3516 1‘
920 3481 954 3518 m.
965 3482 1011 3533 pr.
1074 3470 1089 3516 5
1109 3464 1324 3537 prohibuerant]

302 3537 486 3605 prohiberent
504 3543 572 3590 Pru.
587 3554 632 3605 pr.
690 3543 722 3589 11
743 3534 891 3607 Graeciae]
910 3535 1060 3606 31111111..
1116 3543 1149 3590 12
1169 3537 1324 3609 aperuisse]

303 3607 466 3676 apparuisse
473 3614 501 3670 P.
512 3608 748 3677 apparuissem.
754 3626 800 3676 pr.
839 3605 1060 3677 conclamavere]
1072 3606 1232 3662 olamauere
1239 3614 1269 3663 V.

303 3680 411 3751 omnes]
432 3680 522 3733 omnis
541 3686 610 3734 Pm.
620 3698 666 3750 pr.
741 3684 774 3732 15
794 3677 835 3731 ibi
852 3679 964 3747 amipn:
983 3678 1012 3731 in
1027 3683 1057 3733 Δ.
1133 3684 1166 3731 19
1186 3677 1323 3748 Cymaeus

217 3810 221 3819 .
304 3752 402 3806 Aldus:
422 3767 536 3820 cymeus
555 3753 590 3805 A.
671 3756 705 3803 23
724 3750 824 3822 Atqui]
845 3750 931 3818 adqui
949 3755 1002 3803 LP.
1084 3751 1324 3822 1401111111]οὸ-

299 3822 417 3875 1111117,
494 3823 794 3894 asquem]quam1².
