3150 4459
434 448 686 504 HISTORIARUM
704 450 919 504 ALEXANDRI
935 451 981 517 Ill,
1001 458 1025 505 6.
1047 457 1070 505 7.
1220 454 1260 517 19

237 636 390 698 rumque,
417 614 551 679 militari
574 616 717 701 gratiora
740 618 839 701 vulgo
866 619 954 693 sunt,
983 617 1169 681 exercitatio
1193 639 1260 682 cor-

236 704 327 786 poris
353 704 437 769 inter
460 704 562 787 ipsos,
590 704 695 769 cultus
718 704 913 789 habitusque
936 707 1068 789 paulum
1092 730 1110 769 a
1134 707 1260 790 privato

237 792 426 877 abhorrens,
444 795 594 858 militaris
613 794 720 880 vigor:
744 796 816 877 quis
840 794 895 859 ille
918 795 970 858 vel
989 796 1111 881 ingenii
1130 796 1260 861 dotibus
1280 815 1313 864 20

237 883 289 946 vel
307 882 561 963 animantibus,
585 887 622 948 ut
640 884 760 967 pariter
779 905 871 949 carus
896 906 932 947 ac
950 886 1148 949 venerandus
1169 891 1261 976 esset,

215 972 399 1039 reffecerat.

212 1062 223 1117 l
306 1060 355 1125 At
368 1060 492 1126 Dareus
511 1062 625 1126 nuntio
647 1062 685 1126 de
701 1062 834 1127 adversa
849 1062 1027 1126 valitudine
1046 1064 1113 1128 eius
1129 1068 1260 1147 accepto
1276 1073 1326 1127 VII

235 1150 416 1233 celeritate,
446 1154 599 1234 quantam
630 1172 741 1235 capere
769 1155 837 1215 tam
866 1174 962 1237 grave
986 1173 1101 1238 agmen
1125 1158 1261 1236 poterat,

185 1287 186 1306 1
235 1240 278 1303 ad
297 1239 491 1324 Euphraten
509 1241 675 1304 contendit
694 1240 868 1325 iunctoque
888 1264 925 1305 eo
943 1242 1098 1326 pontibus
1118 1244 1260 1325 quinque

234 1335 350 1394 tamen
365 1329 476 1394 diebus
494 1329 623 1395 traiecit
641 1329 817 1395 exercitum
833 1329 980 1397 Ciliciam
999 1353 1155 1415 occupare
1173 1332 1261 1395 festi-

196 1439 222 1483 ιο
235 1440 330 1483 nans.
368 1416 437 1483 Iam
452 1419 634 1483 Alexander
648 1420 771 1484 viribus
782 1422 926 1503 corporis
940 1421 1078 1505 receptis
1093 1422 1134 1484 ad
1148 1421 1260 1485 urbem
1280 1442 1295 1488 2

233 1507 336 1574 Solos
354 1513 554 1592 pervenerat:
579 1508 669 1574 ouius
688 1509 813 1593 potitus
828 1510 973 1574 ducentis
991 1511 1121 1575 talentis
1140 1510 1261 1575 multae

231 1598 370 1663 nominc
389 1599 509 1663 exactis
529 1601 595 1663 arci
613 1599 809 1683 praesidium
823 1598 965 1663 militum
979 1600 1133 1684 inposuit.
1174 1598 1260 1664 Vota
1281 1620 1296 1667 3

232 1686 355 1753 deinde
386 1710 445 1772 pro
478 1689 580 1752 salute
611 1693 761 1772 suscepta
796 1711 854 1772 per
883 1689 997 1753 ludum
1030 1694 1126 1773 atque
1158 1690 1260 1754 otium

230 1776 376 1843 reddens
412 1776 565 1861 ostendit,
598 1782 718 1860 quanta
747 1778 866 1842 fiducia
898 1778 1054 1844 barbaros
1085 1784 1260 1862 sperneret:

184 1890 214 1931 rs
231 1867 360 1951 quippe
378 1865 572 1951 Aesculapio
592 1870 625 1931 et
645 1866 808 1931 Minervae
828 1868 921 1931 ludos
941 1868 1121 1933 celebrarit.
1164 1867 1260 1952 Spec-
1280 1888 1297 1937 4

230 1956 324 2022 tanti
348 1957 481 2021 nuntius
512 1956 616 2020 laetus
645 1957 788 2021 adfertur
816 1956 1026 2022 Halicarnaso
1050 1957 1165 2022 Persas
1193 1958 1261 2022 acie

230 2069 253 2110 a
281 2046 350 2109 suis
373 2067 443 2110 csse
467 2051 647 2130 superatos,
675 2046 826 2130 Myndios
849 2068 978 2131 quoque
1006 2052 1038 2111 et
1062 2044 1201 2111 Caunios
1230 2052 1262 2110 et

231 2135 394 2221 pleraque
416 2138 540 2199 tractus
563 2136 632 2199 cius
657 2157 731 2199 suae
754 2135 841 2198 facta
861 2136 1004 2201 dicionis.
1050 2135 1155 2221 Igitur
1174 2136 1296 2204 editos

233 2224 424 2309 spectaculo
455 2223 578 2290 ludicro
610 2226 787 2309 castrisque
814 2226 912 2290 motis
941 2230 973 2291 et
1001 2224 1139 2311 Pyramo
1168 2249 1261 2290 amne

185 2339 216 2379 ao
231 2318 339 2400 ponte
361 2314 472 2377 iuncto
500 2313 541 2377 ad
568 2314 680 2379 urbem
703 2314 839 2378 Mallum
866 2316 1027 2399 pervenit,
1054 2314 1128 2378 inde
1152 2315 1261 2379 alteris

234 2403 357 2468 castris
387 2404 427 2467 ad
458 2404 612 2487 oppidum
642 2402 855 2469 Castabalum.
906 2402 956 2468 lbi
989 2403 1158 2469 Parmenio
1192 2407 1296 2490 regio

233 2493 393 2558 occurrit:
424 2494 633 2576 praemiserat
660 2493 701 2557 ad
725 2493 957 2577 explorandum
982 2495 1044 2558 iter
1067 2495 1181 2577 saltus,
1204 2517 1261 2578 per

234 2604 337 2667 quem
361 2582 402 2646 ad
425 2583 536 2647 urbem
560 2582 654 2647 Isson
676 2584 806 2648 nomine
825 2583 1058 2666 penetrandum
1082 2588 1158 2647 erat.
1205 2583 1261 2648 At·
1282 2604 1296 2651 1

235 2694 301 2755 que
326 2671 381 2735 illc
405 2672 562 2757 angustiis
592 2672 660 2737 eius
690 2673 855 2757 occupatis
887 2676 918 2736 et
948 2673 1110 2758 praesidio
1134 2674 1261 2737 modico

191 2788 220 2830 as
236 2762 355 2827 relicto
373 2759 468 2833 Isson
483 2783 611 2846 qnoque
626 2762 784 2827 desertam
804 2785 823 2826 a
842 2762 986 2826 barbaris
1002 2767 1137 2846 ceperat.
1183 2760 1261 2825 Inde

235 2871 431 2937 progressus
462 2851 653 2935 deturbatis,
684 2852 739 2935 qui
766 2852 921 2916 interiora
948 2853 1109 2916 montium
1138 2851 1260 2916 obside·

235 2939 332 3024 bant,
368 2941 535 3024 praesidiis
566 2945 682 3005 cuncta
711 2941 855 3005 firmavit
887 2944 1108 3025 occupatoque
1137 2942 1260 3024 itinere,

238 3030 324 3094 sicut
342 3031 440 3113 paulo
465 3035 539 3095 ante
558 3030 680 3095 dictum
699 3035 757 3115 est,
780 3030 866 3095 idem
891 3036 922 3094 et
941 3034 1054 3095 auctor
1077 3034 1109 3094 et
1127 3032 1260 3094 nuntius

238 3118 336 3183 venit.
383 3116 477 3184 Isson
500 3119 614 3185 deinde
636 3142 693 3185 rex
712 3121 821 3204 copias
841 3121 992 3184 admovit.
1038 3118 1105 3183 Ubi
1124 3120 1260 3185 consilio
1280 3138 1295 3183 8

200 3209 367 3292 cohabito,
403 3212 554 3273 utrumne
588 3210 674 3274 ultra
706 3209 976 3295 progrediendum
1007 3208 1105 3292 foret,
1142 3232 1182 3273 an
1215 3210 1261 3273 ibi

315 3356 328 3403 1
348 3348 502 3413 militari?
520 3368 555 3403 m.
566 3368 620 3418 prr
640 3349 670 3403 in
688 3366 718 3404 re
737 3349 855 3403 militari
871 3356 896 3403 (1.
961 3356 976 3401 3
997 3349 1160 3420 abhorrens]
1180 3350 1261 3402 abor-

239 3439 303 3477 rsns
317 3427 346 3476 Ρ.
420 3422 630 3475 4venerandus
644 3423 752 3477 Lauer:
771 3421 944 3476 verecundus
959 3427 989 3474 A.
1063 3420 1261 3490 8Euphraten

238 3494 479 3563 &atawurpc'ucz
499 3492 628 3547 eufraten
645 3498 676 3547 Δ,
733 3493 917 3564 toccupare]
937 3508 1059 3562 ocupare
1073 3498 1103 3548 V.
1160 3498 1192 3545 11
1213 3492 1261 3546 So-

238 3565 293 3638 los]
313 3564 390 3619 solus
408 3571 428 3618 1²
446 3583 481 3620 m.
498 3582 544 3635 pr.
564 3570 599 3631 V,
624 3565 697 3618 solas
716 3572 744 3619 1..
839 3573 871 3620 15
890 3564 1071 3635 Aesculapio]
1096 3563 1261 3634 sculapioB

238 3656 271 3692 m.
285 3654 329 3706 pr.
406 3644 438 3691 16
457 3636 643 3691 Halicarnaso
661 3640 772 3707 scripsi:
794 3638 955 3691 alicarnaso·
969 3642 999 3689 Α.
1076 3642 1108 3690 19
1127 3636 1260 3706 Pyramo]

237 3709 386 3778 piramol’.
434 3706 847 3833 ι21011111ὶέ1111]ξένοὺεπίιιει
860 3707 1076 3831 castabplumn.
1133 3714 1261 3832 263pepe·

238 3781 488 3923 ttfsstt‘t'·
530 3787 734 3923 callida?
742 3786 884 3907 All
897 3798 940 3848 a.
995 3798 1084 3848 'W‘
1232 3797 1248 3831 ἃ

1081 3943 1119 3999 42*
