3150 4459
291 458 321 523 Q.
343 457 453 513 GURTI
472 459 559 512 RUFI
578 459 832 513 HISTORIARUM
852 457 1066 512 ALEXANDRI
1085 458 1118 525 X,
1139 463 1163 512 1.
1201 456 1265 521 351

238 622 377 686 moriam
397 623 495 688 occisi
513 645 572 707 per
590 622 665 687 illos
679 621 913 705 Parmenionis,
933 622 1019 705 quod
1038 621 1173 685 tacitum
1193 643 1266 705 pro-

238 711 330 776 desse
354 712 418 776 reis
442 712 528 795 apud
552 732 661 795 regem
682 715 822 795 poterat,
845 710 1056 775 intuebantur
1073 711 1152 775 laeti
1169 711 1267 775 recci-

238 800 324 864 disse
344 802 424 864 iram
445 802 479 864 in
498 802 564 864 irae
582 800 750 864 ministros
765 820 826 863 nec
839 802 938 864 ullam
953 800 1133 884 potentiam
1149 799 1266 864 scelere

239 890 419 972 quaesitam
438 891 590 971 cuiquam
610 911 678 953 esse
698 889 892 953 diuturnam.
931 888 1001 953 Rex
1020 890 1151 975 cognita
1170 911 1266 953 causa
1286 906 1300 954 ‘1
1383 894 1385 897 ⁴

208 979 463 1062 spronuntiarit
496 979 534 1042 ab
569 977 810 1042 accusatoribus
843 1000 944 1043 unum
976 982 1008 1041 et
1032 978 1066 1041 id
1088 978 1265 1042 maximum

238 1068 359 1131 crimen
390 1090 458 1132 esse
485 1068 711 1152 praeteritum,
745 1067 1002 1150 desperationem
1030 1066 1144 1131 salutis
1176 1089 1265 1131 suas:

237 1179 416 1239 numquam
454 1158 540 1221 enim
577 1156 656 1219 talia
686 1177 834 1239 ausuros,
873 1156 929 1238 qui
961 1156 1069 1240 ipsum
1103 1179 1142 1220 ex
1174 1154 1267 1219 India

238 1246 395 1328 sospitem
424 1251 481 1309 aut
509 1249 676 1330 optassent
705 1244 824 1309 reverti
848 1250 904 1309 aut
928 1245 1140 1309 credidissent
1162 1266 1266 1308 rever·

238 1357 359 1399 surum.
405 1333 512 1419 Igitur
534 1334 594 1399 hos
619 1334 749 1417 quidem
773 1334 887 1418 vinxit,
911 1350 958 1398 Do
982 1339 1091 1398 autem
1114 1335 1301 1417 militum,8

190 1450 224 1490 ιο
239 1424 296 1505 qui
326 1425 477 1488 saevitiae
510 1446 622 1488 eorum
650 1423 794 1488 ministri
823 1424 965 1506 fuerant,
996 1424 1134 1488 interfici
1162 1423 1266 1487 iussit.

238 1512 362 1575 Eodem
395 1513 446 1577 die
480 1516 646 1596 sumptum
679 1517 728 1577 est
760 1513 956 1597 supplicium
990 1513 1028 1577 de
1056 1514 1096 1577 iis
1127 1531 1300 1596 quoquae

238 1623 320 1684 quos
344 1607 491 1666 auctores
511 1602 703 1667 defectionis
722 1601 893 1665 Persarum
909 1599 1059 1666 Craterus
1079 1602 1257 1665 adduxerat

199 1697 221 1751 2
305 1690 402 1755 Haud
432 1691 536 1756 multo
570 1694 646 1774 post
673 1690 841 1756 Nearchus
873 1696 905 1755 et
936 1688 1149 1771 Onesicritus,
1184 1713 1265 1773 quos
1285 1709 1319 1758 10

238 1780 369 1863 longius
398 1781 431 1843 in
454 1779 619 1845 'Oceanum
643 1780 816 1863 procedere
840 1780 991 1863 iusserat,
1024 1780 1264 1865 superveniunt.

190 1896 223 1935 rs
237 1867 443 1932 Nuntiabant
467 1873 573 1932 autem
599 1869 756 1951 quaedam
781 1869 904 1953 audita,
937 1869 1001 1933 alia
1024 1873 1190 1952 conperta:
1218 1870 1266 1932 in·
1285 1887 1317 1936 11

239 1959 343 2020 sulam
377 1958 460 2021 ostio
494 1959 597 2021 amnis
628 1956 787 2022 obiectam
816 1979 895 2021 auro
927 1958 1102 2037 abundare,
1135 1959 1265 2043 inopem

239 2067 396 2128 equorum
421 2068 490 2110 esse
514 2085 556 2092 -
582 2047 729 2133 singulos
753 2068 808 2112 eos
833 2053 1045 2131 conpererant
1069 2047 1108 2110 ab
1132 2047 1182 2125 iis,
1209 2048 1266 2130 qui

238 2158 277 2198 ex
310 2136 489 2200 continenti
520 2137 655 2200 traicere
683 2137 852 2221 auderent,
885 2136 1022 2222 singulis
1046 2137 1177 2201 talentis
1202 2137 1265 2200 emi

239 2262 291 2307 —,
323 2225 455 2308 plenum
485 2247 554 2289 esse
581 2224 749 2289 beluarum
782 2247 884 2289 mare:
917 2229 1009 2289 aestu
1042 2226 1182 2291 secundo
1212 2248 1264 2290 eas
1285 2245 1318 2293 11

191 2340 222 2380 ro
237 2314 315 2376 ferri
334 2337 524 2399 magnarum
543 2315 675 2379 navium
696 2336 832 2399 corpora
851 2320 1035 2396 aequantes
1054 2314 1151 2379 tubae
1168 2319 1265 2379 cantu

238 2402 407 2466 deterritas
436 2404 527 2485 sequi
551 2403 687 2467 classem
712 2426 785 2467 cum
809 2425 929 2489 magno
953 2404 1102 2489 aequoris
1127 2404 1265 2487 strepitu

238 2491 327 2554 velut
358 2492 503 2556 demersa
531 2493 663 2579 navigia
693 2493 818 2557 subisse
848 2515 956 2577 aquas.
1005 2492 1119 2558 Cetera
1149 2494 1264 2558 incolis
1285 2511 1318 2559 13

239 2581 455 2664 crediderant,
484 2583 569 2645 inter
600 2604 695 2665 quae:
726 2582 875 2647 Rubrum
905 2606 993 2646 mars
1021 2604 1088 2647 non
1116 2606 1135 2645 a
1159 2583 1265 2646 colore

238 2670 411 2754 undarum,
444 2674 481 2734 ut
504 2672 649 2754 plerique
674 2672 852 2756 crederent,
877 2672 933 2735 sed
957 2671 997 2734 ab
1022 2670 1165 2755 Erythro
1189 2694 1265 2757 rege

195 2784 222 2824 ss
238 2760 410 2843 appellari:
438 2782 507 2824 esse
534 2760 622 2823 haud
651 2761 766 2843 procul
789 2783 808 2823 a
833 2760 1012 2824 continenti
1035 2759 1175 2824 insulam
1199 2759 1319 2843 pal-14

312 2992 325 3038 1
345 2987 551 3059 Parmenionis]
569 2987 778 3057 parmoenionis
794 2994 819 3041 0.
880 2995 896 3041 1
915 2988 983 3059 reis]
1002 2988 1078 3058 regis
1096 2993 1124 3041 P.
1179 2988 1265 3043 recci-

239 3056 313 3110 disse
332 3064 363 3110 c:
382 3059 517 3112 recidisse
531 3064 577 3111 PP
591 3077 626 3113 m.
639 3077 683 3127 pr.
757 3059 823 3111 3in
842 3058 914 3130 irae]
933 3059 1005 3113 inire
1022 3064 1049 3112 P.
1116 3058 1264 3131 tsalutis]

238 3128 353 3181 salustis
363 3135 391 3182 1..
449 3131 608 3202 laesuros]
623 3148 740 3183 ausuras
750 3136 779 3183 P.
832 3130 963 3203 9vinxit]
973 3130 1084 3185 uincxit
1093 3137 1121 3183 P.
1174 3137 1205 3183 11
1216 3130 1264 3202 iis]

238 3199 262 3251 is
281 3204 307 3251 P.
393 3206 426 3253 13
445 3201 542 3272 Haud]
561 3202 632 3254 haut
645 3207 673 3254 P.
755 3207 788 3255 15
808 3201 999 3274 Nuntiabant]
1019 3201 1194 3255 nunciabant
1207 3207 1264 3256 Π.

239 3276 272 3323 16
288 3271 379 3323 amnis
394 3271 533 3325 obiectam
548 3272 713 3338 Schefferas:
733 3272 811 3325 amni
825 3273 982 3328 subiectam
992 3278 1022 3326 A.
1079 3273 1224 3328 abundare
1237 3279 1264 3327 1:

237 3341 403 3395 habundare
413 3347 445 3396 A.
491 3348 523 3397 17
535 3344 733 3414 conpererant]
743 3347 931 3414 conpererant
940 3350 970 3412 B,
980 3347 1171 3414 conpeperant
1181 3351 1209 3398 P.

237 3413 285 3483 iis]
306 3414 360 3466 biis
380 3420 406 3466 c.
479 3414 611 3485 traicere]
634 3415 787 3469 traicment
801 3421 829 3469 P.
910 3420 944 3469 10
962 3415 1031 3469 ferri
1050 3421 1076 3468 1:
1101 3415 1160 3469 ficri
1179 3420 1210 3469 Δ.

237 3485 323 3537 tubae
343 3485 476 3539 Scbs‘sius:
496 3485 571 3539 truci
589 3490 619 3539 A.
689 3492 722 3540 11
743 3486 877 3558 strepitu]
895 3487 1003 3556 trepitu
1022 3492 1049 3541 P.
1122 3487 1264 3558 11161111]

238 3555 324 3608 uelud
343 3561 411 3610 Pm.
422 3574 468 3625 pr.
551 3563 584 3611 13
603 3557 678 3611 inter
696 3574 769 3626 quae
780 3598 858 3612 .....
870 3558 1027 3629 crederent]
1048 3562 1142 3622 onaP,
1161 3560 1265 3628 inquo

236 3644 274 3680 os.
286 3633 319 3679 13
334 3629 366 3680 ia
379 3630 510 3683 uocabulo
525 3628 705 3683 crediderant
719 3630 811 3685 littera
826 3629 843 3683 a'
857 3648 891 3685 ea
901 3646 915 3683 s
927 3646 997 3685 corr.
1012 3637 1058 3685 est.
1110 3635 1143 3682 13
1160 3630 1262 3699 colore]

238 3697 328 3751 colere
348 3704 417 3752 Bm.
427 3718 473 3767 pr.
489 3706 509 3751 P
523 3717 558 3754 m.
568 3717 614 3769 pr.
630 3706 650 3752 1.
664 3718 699 3754 m.
709 3718 756 3770 pr.
831 3706 865 3755 14
885 3701 933 3772 ab]
952 3700 1009 3755 hab
1029 3706 1057 3755 P.
1131 3700 1263 3771 Erythro]

237 3770 343 3823 erithro
358 3777 383 3823 c.
458 3776 492 3823 25
513 3770 663 3843 appellari]
683 3771 803 3840 apellari
818 3777 850 3826 V.
923 3773 1012 3844 haud]
1032 3775 1082 3826 aut
1101 3777 1128 3826 P.
1202 3771 1264 3840 pal—

237 3841 320 3894 metis
341 3842 470 3897 Modias:
490 3842 618 3911 palmitis
637 3848 665 3910 P,
684 3843 788 3912 palmis
808 3850 834 3897 0.
