3150 4459
497 470 752 525 msronmauu
770 438 985 525 rauranum
1003 471 1037 539 x,
1056 478 1080 525 2.
1097 478 1121 525 a.
1259 471 1322 535 361

300 635 446 699 deuntes!
494 636 621 698 obviam
667 635 762 699 ibunt
809 634 1024 699 desertoribus
1070 635 1324 719 transfugisque!

300 724 531 808 Triumphabo,
553 723 755 805 mehercule,¹
772 723 811 787 de
834 724 913 809 fuga
937 727 1042 788 vestra
1065 731 1105 805 et,
1129 723 1325 807 ubicumque
1344 741 1381 789 29

300 835 367 897 ero,
396 818 544 897 expetam
567 834 688 897 poenas
711 811 785 893 hos,
816 834 889 877 cum
914 812 1032 896 quibus
1055 835 1107 876 me
1131 812 1325 896 relinquitis,

299 902 433 967 colendo
462 903 735 986 praeferendoque
767 902 870 967 vobis.
916 900 983 966 lam
1005 906 1116 967 'autem
1132 904 1262 985 scietis,
1292 905 1325 965 et

272 1019 284 1059 a
299 998 455 1074 quantum
481 993 548 1055 sine
569 1013 644 1074 rege
662 993 768 1055 valeat
787 990 966 1073 exercitus,
980 995 1012 1055 et
1031 992 1109 1074 quid
1124 992 1200 1075 ‚opis
1219 993 1254 1055 in
1272 1012 1325 1054 me

245 1090 281 1143 11
298 1103 363 1144 uno
393 1082 454 1145 sit’
501 1080 642 1145 Desiluit
670 1080 784 1144 deinde
812 1080 962 1145 frendens
993 1081 1032 1144 de
1055 1081 1211 1145 tribunali
1235 1085 1268 1143 et
1290 1081 1324 1145 in
1343 1095 1379 1144 30

299 1170 441 1233 medium
464 1173 661 1234 armatorum
685 1191 801 1255 agmen
825 1192 858 1234 se
877 1170 1011 1253 inmisit,
1033 1173 1163 1234 notatos
1185 1192 1324 1253 quoque,
1363 1233 1366 1237 Δ

299 1260 355 1342 qui
378 1259 575 1325 ferocissime
599 1259 743 1324 oblocuti
764 1262 864 1343 erant,
888 1259 1033 1343 singulos
1052 1282 1148 1323 manu
1168 1260 1325 1341 corripuit

298 1371 358 1412 nec
385 1371 480 1413 arisos
508 1370 688 1434 repugnare
711 1365 775 1411 x111
803 1348 1018 1413 adservandos
1043 1348 1231 1413 custodibus
1256 1370 1324 1413 cor-

258 1468 284 1506 ιο
297 1439 387 1521 poris
414 1438 555 1502 tradidit.
603 1437 681 1513 Quis
709 1437 853 1502 crederet
876 1458 1003 1502 saevam
1025 1438 1123 1521 paulo
1148 1441 1222 1502 ante
1246 1459 1320 1502 con·
1333 1440 1372 1494 ΙΠ

298 1529 419 1592 tionem
443 1528 647 1610 obtorpuisse
670 1526 776 1591 subito
796 1532 894 1609 metu,
918 1530 1018 1591 etium
1042 1549 1115 1590 cum
1139 1527 1179 1591 ad
1203 1527 1324 1611 suppli-

298 1617 383 1680 cium
407 1617 530 1681 videret
549 1616 633 1680 trahi
652 1617 756 1680 nihilo
776 1638 872 1681 ausos
891 1616 1041 1702 graviora
1060 1637 1157 1699 qnam
1177 1617 1324 1681 ceteros?

299 1704 373 1769 Sive
402 1706 557 1788 nominiS,
589 1706 676 1789 quod
705 1710 832 1792 gentes,
863 1727 945 1788 quae
969 1705 1028 1769 sub
1052 1706 1183 1791 regibus
1207 1708 1359 1790 cimento

297 1816 382 1876 repes
411 1795 496 1858 inter
525 1796 600 1859 deos
631 1796 756 1877 colunt,
788 1794 855 1859 sive
878 1794 1010 1878 propria
1033 1796 1135 1877 ipsius
1158 1796 1323 1860 veneratio

258 1912 283 1951 11
298 1886 365 1947 sive
398 1884 515 1947 fiducia
547 1885 703 1965 tentavi
735 1884 913 1949 exercentis
946 1884 1117 1966 imperium
1146 1885 1324 1947 conterruit

299 1995 366 2038 eos:
401 1972 564 2057 singulare
602 1977 688 2038 certe
725 1972 895 2037 ediderunt
931 1974 1105 2055 patientiae
1141 1973 1360 2056 exemplum4

298 2062 441 2147 adeoque
459 2083 526 2124 non
544 2067 620 2125 sunt
638 2062 763 2127 accensi
783 2062 945 2145 supplicio
965 2061 1230 2146 commilitonum,
1251 2084 1324 2127 cum

299 2151 358 2215 sub
386 2155 512 2215 noctem
537 2150 723 2216 interfectos
747 2173 816 2215 esse
840 2156 1048 2235 cognossent,
1081 2155 1117 2215 ut
1139 2151 1223 2214 nihil
1246 2151 1324 2215 omi-

299 2242 407 2324 serint,
432 2240 519 2323 quod
543 2239 663 2325 singuli
685 2241 790 2326 magis
815 2240 1023 2305 oboedienter
1045 2244 1077 2304 et
1100 2240 1153 2324 pie
1172 2241 1322 2304 facerent.

257 2358 284 2397 ao
298 2329 381 2393 Nam
411 2352 484 2394 cum
512 2334 642 2413 postero
672 2329 723 2393 die
751 2330 909 2413 prohibiti
933 2330 1023 2393 aditu
1046 2330 1183 2394 fuissent
1205 2328 1359 2394 Asiati-t

298 2418 345 2482 cis
364 2419 460 2483 modo
479 2417 638 2482 militibus
657 2419 815 2502 admissis,
837 2418 1009 2503 lugubrem
1028 2419 1107 2484 totis
1127 2420 1240 2484 castris
1261 2418 1323 2482 edi·

239 2583 245 2591 ,
299 2508 371 2570 dere
391 2508 564 2571 clamorem
588 2509 813 2573 denuntiantes
832 2509 983 2592 protinus
1002 2529 1071 2572 sese
1089 2509 1273 2590 morituros,
1296 2508 1324 2571 si

245 2604 282 2658 12
297 2619 353 2659 rex
383 2602 601 2680 perseveraret
630 2597 734 2663 irasci.
780 2596 827 2660 At
857 2598 913 2662 ille
943 2596 1121 2681 pervicacis
1145 2597 1185 2660 ad
1208 2598 1360 2680 omnia,6

299 2708 380 2769 quae
404 2688 567 2770 agitasset,
591 2688 691 2750 animi
715 2688 960 2771 peregrinorum
980 2688 1121 2750 militum
1141 2688 1324 2750 contionem

257 2804 282 2842 aa
298 2776 448 2839 advocari
478 2775 568 2839 iubet
591 2775 823 2840 Macedonibus
854 2778 939 2839 intra
970 2780 1074 2842 castra
1105 2774 1258 2839 cohibitis
1283 2778 1323 2858 et,

298 2886 371 2927 cum
395 2865 580 2947 frequentes
599 2866 749 2948 coissent,
763 2865 921 2929 adhibito
941 2865 1117 2948 interprete
1136 2866 1233 2928 talem
1254 2886 1323 2928 ora-

297 2955 420 3017 tionem
447 2953 575 3018 habuit:
605 2953 697 3018 ‘Cum
726 2976 764 3017 ex
788 2954 920 3036 Europa
947 2955 1125 3017 traicerem
1145 2954 1178 3016 in
1202 2952 1324 3037 Asiam,
1344 2964 1359 3012 7

298 3044 416 3106 multas
438 3042 564 3106 nobiles
589 3047 711 3128 gentes,
734 3064 885 3127 magnam
909 3043 975 3105 vim
999 3042 1168 3106 hominum
1187 3043 1323 3126 imperio

299 3153 369 3194 meo
394 3154 444 3195 me
468 3132 653 3196 additurum
678 3154 747 3195 esse
766 3131 945 3215 sperabam.
981 3130 1052 3196 Nec
1071 3133 1223 3215 deceptus
1243 3153 1325 3215 sum,

371 3367 385 3413 2
406 3362 441 3414 de
460 3361 541 3431 fuga]
561 3361 634 3429 dege
647 3366 675 3413 1..
752 3366 765 3412 7
785 3360 910 3429 notatos]
930 3362 1030 3414 notaos
1047 3365 1077 3413 v.
1151 3363 1167 3411 8
1188 3358 1325 3428 corripuit

298 3434 406 3486 Laco:
427 3433 544 3501 corripit
562 3438 592 3485 Δ.
681 3436 714 3485 10
734 3432 872 3501 crederet]
893 3430 1014 3484 credidit
1032 3436 1062 3484 V.
1151 3431 1323 3502 contionem]

299 3504 462 3556 concionem
480 3510 509 3556 F.
573 3509 604 3556 11
625 3505 726 3557 etiam
745 3520 809 3555 cum
828 3504 983 3557 Bentleiua:
1005 3505 1033 3555 et
1052 3520 1115 3555 cum
1134 3507 1164 3554 Δ.
1229 3508 1261 3555 12
1281 3502 1323 3554 111-

298 3575 357 3628 hilo
376 3576 537 3629 Acidala'us:
566 3574 638 3627 nihil
661 3579 692 3626 Δ.
804 3579 836 3628 13
856 3575 988 3640 vicunt,
1012 3591 1104 3644 repes
1127 3575 1191 3627 add.
1216 3573 1322 3643 Stangl.

300 3652 332 3699 15
347 3646 463 3716 fiducia]
474 3646 639 3698 fidutiaFV.
680 3651 712 3699 16
722 3644 891 3715 patientiae]
903 3645 1064 3713 pacientiae
1073 3650 1101 3698 F.
1155 3650 1189 3697 20
1203 3644 1324 3698 fuissent

298 3719 455 3773 Remulos:
479 3717 625 3770 uenissent
643 3722 674 3769 Δ.
762 3722 795 3769 22
817 3717 1030 3787 denuntiantes]
1054 3717 1258 3770 denunciantes
1277 3721 1323 3768 PL

299 3808 331 3842 ra.
343 3808 388 3857 pr.
450 3804 509 3841 sese
528 3790 638 3857 scripsi:
659 3804 719 3842 esse
738 3793 769 3841 Δ.
839 3794 872 3841 27
893 3788 938 3859 ex]
959 3794 1092 3843 om.Pm.
1104 3806 1149 3856 pr.
1219 3787 1322 3840 291111-

299 3861 436 3931 diturum]
456 3860 600 3913 aditurum
618 3866 638 3910 F
658 3878 692 3913 m.
707 3877 748 3928 pr.
