3150 4459
475 462 727 516 HISTORIARUM
747 461 962 515 ALEXANDRI
979 461 1024 530 ΠΙ,
1046 466 1086 515 11.
1248 461 1291 525 29

259 628 419 705 Sabaces,
442 631 571 711 praetor
589 626 741 711 Aegypti,
765 649 957 712 magnorum
982 629 1180 692 exercituum
1205 648 1292 708 prae·

258 718 358 801 fecti,
381 717 636 781 noscitabantur:
665 716 749 780 circa
777 737 832 780 eos
861 718 1024 780 cumulata
1052 720 1119 780 erat
1147 716 1292 800 peditum

261 808 482 891 equitumque
502 806 669 870 obscurior
692 806 795 870 turba.
842 805 1055 870 Macedonum
1076 827 1203 889 quoque
1227 828 1293 869 non

264 887 404 980 quideni
422 895 526 980 multi,
546 894 601 960 sed
619 896 854 980 promptissimi
869 898 977 959 tamen
999 895 1082 959 caesi
1102 899 1189 959 sunt:
1209 894 1294 958 inter

231 1007 355 1069 equos
384 985 559 1049 Alexandri
591 984 736 1049 dextrum
768 985 874 1048 femur
901 985 1013 1049 leviter
1044 1005 1195 1049 mucrone
1224 1007 1294 1067 per-

265 1074 422 1140 strictum
441 1078 498 1139 est.
539 1072 682 1159 lamque,
701 1075 758 1158 qui
776 1073 916 1137 Dareum
937 1073 1097 1138 vehebant
1116 1075 1199 1157 equi,
1221 1094 1292 1136 con·
1314 1090 1345 1137 11

265 1164 354 1229 fossi
376 1163 477 1227 hastis
502 1170 533 1227 et
556 1163 667 1227 dolore
691 1164 814 1227 efferati
837 1165 948 1249 iugum
974 1167 1105 1246 quatere
1129 1167 1162 1226 et
1184 1184 1293 1247 regern

267 1275 369 1317 curru
400 1257 547 1318 excutere
578 1257 762 1337 coeperant,
786 1275 858 1317 cum
888 1251 942 1316 ille
973 1252 1108 1335 veritus,
1138 1274 1179 1315 ne
1202 1254 1292 1316 vivus

267 1344 399 1408 veniret
417 1342 452 1405 in
470 1341 613 1405 hostium
632 1346 836 1425 potestatem,
856 1341 964 1405 desilit
983 1342 1068 1405 etin
1087 1363 1214 1425 equum,
1238 1341 1293 1424 qui

220 1459 250 1497 ιο
268 1432 312 1497 ad
337 1431 398 1496 hoc
417 1432 524 1515 ipsum
544 1431 747 1515 sequebatur,
770 1431 939 1515 inponitur
957 1430 1140 1515 insignibus
1164 1452 1293 1514 quoque

268 1521 416 1605 imperii,
442 1542 483 1585 ne
506 1520 617 1605 fugam
641 1520 826 1603 proderent,
849 1520 999 1584 indecore
1023 1519 1165 1585 abiectis.
1211 1518 1294 1584 Tum
1315 1536 1346 1583 12

268 1632 350 1677 vero
374 1611 472 1674 ceteri
495 1609 691 1693 dissipantur
714 1614 803 1674 metu
827 1613 868 1692 et,
893 1610 1097 1693 quacuique
1120 1608 1160 1672 ad
1182 1610 1293 1694 fugam

268 1700 404 1786 patebat
427 1700 487 1780 via,
511 1703 683 1782 erumpunt
702 1721 791 1763 arma
808 1699 970 1782 iacientes,
995 1718 1076 1782 quae
1099 1700 1196 1781 paulo
1221 1703 1293 1762 ante

268 1789 312 1853 ad
342 1788 477 1853 tutelam
508 1810 679 1871 corporum
710 1791 926 1872 sumpserant:
956 1789 1035 1852 adeo
1066 1808 1168 1871 pavor
1196 1788 1292 1852 etiarn

221 1906 252 1945 15
270 1879 394 1943 auxilia
416 1877 576 1942 formidat.
617 1876 765 1942 Instabat
782 1877 983 1964 fugientibus
1008 1899 1107 1961 eques
1132 1876 1293 1941 aParme-
1315 1892 1347 1940 13

269 1971 370 2033 nione
388 1967 534 2051 emissus,
557 1972 590 2031 et
607 1967 692 2031 forte
711 1967 746 2030 in
764 1967 845 2031 illud
865 1988 965 2032 cornu
997 1987 1108 2031 omnes
1123 1965 1201 2051 fuga
1224 1967 1293 2030 abs-

269 2057 400 2121 tulerat.
447 2058 492 2121 At
519 2057 554 2119 in
577 2057 689 2121 dextro
713 2055 837 2121 Persae
853 2056 1025 2121 Thessalos
1053 2056 1178 2139 equites
1202 2055 1294 2119 vehe-

270 2151 397 2211 menter
419 2148 592 2231 urgebant,
620 2146 748 2229 iamque
771 2169 836 2210 una
859 2145 910 2210 ala
937 2147 1009 2229 ipso
1033 2145 1146 2228 inpetu
1168 2145 1348 2229 procul-14

271 2239 345 2301 cata
380 2241 462 2319 erat,
504 2257 576 2299 cum
609 2234 755 2300 Thessali
792 2239 920 2300 strenue
962 2234 1163 2299 circumactis
1204 2234 1294 2316 equis

224 2353 256 2392 ao
271 2325 391 2409 dilapsi
409 2347 520 2390 rursus
542 2325 574 2388 in
592 2323 752 2408 proelium
771 2325 906 2389 redeunt
925 2345 1116 2409 sparsosque
1136 2326 1168 2386 et
1187 2323 1294 2387 incon-

270 2414 397 2501 positos
416 2416 569 2481 victoriae
589 2415 707 2479 fiducia
725 2414 880 2480 barbaros
899 2414 1024 2501 ingenti
1044 2412 1139 2477 caede
1157 2417 1294 2496 proster-

270 2508 365 2569 nunt.
410 2503 497 2587 Equi
520 2505 642 2588 pariter
665 2504 853 2588 equitesque
877 2503 1046 2568 Persarum
1071 2502 1151 2567 serie
1175 2502 1347 2566 lamna-15

269 2616 345 2658 rum
370 2593 482 2676 obsiti,
505 2615 606 2679 genus
630 2616 728 2679 grave
751 2595 907 2679 tegmine,
933 2593 1020 2677 quod
1044 2593 1206 2658 celeritate
1229 2614 1294 2655 ma-

270 2684 361 2747 xime
389 2686 528 2768 constat,
559 2706 654 2769 aegre
688 2683 916 2747 moliebantur:
948 2683 1067 2766 quippe
1098 2682 1131 2746 in
1162 2683 1294 2745 circum-

228 2797 256 2837 sa
271 2771 408 2856 agendis
432 2773 523 2855 equis
547 2773 621 2836 illos
645 2771 792 2837 Thessali
815 2772 911 2836 inulti
935 2774 1178 2856 occupaverant.

219 2865 256 2921 28
341 2860 414 2926 Hac
436 2864 503 2924 tam
527 2883 682 2945 prospera
710 2884 821 2947 pugna
843 2861 991 2925 nuntiata
1014 2860 1206 2944 Alexander,
1229 2882 1294 2923 non
1315 2876 1347 2923 16

271 2954 349 3015 ante
372 2972 469 3015 ausus
493 2953 641 3034 persequi
659 2952 824 3034 barbaros,
847 2953 1009 3034 utrimque
1032 2950 1095 3014 iam
1120 2950 1225 3013 victor
1248 2952 1294 3013 iu-

272 3044 359 3105 stare
382 3040 583 3125 fugientibus
611 3041 726 3125 coepit.
773 3039 870 3104 Haud
898 3040 1036 3123 amplius
1065 3060 1173 3123 regem
1198 3060 1295 3122 quam

271 3128 364 3193 mille
387 3128 511 3213 equites
536 3130 766 3214 sequebantur,
795 3151 868 3194 cum
898 3129 1010 3215 ingens
1040 3128 1214 3192 multitudo
1238 3126 1347 3192 110-17

231 3244 257 3284 ro
271 3221 373 3283 stium
397 3218 535 3283 cederet:
566 3219 622 3283 sed
649 3218 721 3303 quis
752 3223 809 3283 aut
839 3219 873 3282 in
903 3218 1038 3283 victoria
1068 3220 1125 3281 aut
1153 3220 1188 3282 in
1217 3217 1295 3302 fuga

348 3436 360 3483 1
389 3430 510 3484 Sabaces
534 3432 636 3485 Aldus:
668 3432 776 3484 sataces
799 3435 830 3482 Δ.
940 3430 1076 3500 Aegypti]
1107 3429 1216 3499 aegipti
1240 3435 1292 3482 FP.

271 3509 288 3557 ὁ
307 3502 501 3574 perstrictum]
520 3502 720 3571 perstrisctum
734 3508 761 3556 Ρ.
837 3508 869 3555 11
890 3501 1052 3571 proderent]
1068 3502 1252 3569 procederent
1265 3506 1293 3555 Ρ.

272 3580 306 3628 12
327 3579 428 3643 qual:
448 3590 520 3643 quae
539 3578 570 3627 Δ.
649 3579 682 3626 13
701 3574 849 3644 iacientes]
869 3572 998 3626 iacientis
1018 3578 1043 3625 0.
1124 3578 1155 3626 17
1175 3572 1294 3625 Thessa-

270 3647 328 3718 los]
348 3645 468 3699 tessalus
488 3651 513 3708 0,
533 3645 673 3698 tessaluus
691 3651 712 3697 P
730 3663 764 3700 m.
777 3662 821 3713 pr.
909 3649 942 3697 18
962 3644 1020 3714 ala]
1039 3644 1106 3697 hala
1125 3650 1156 3710 Ρ,
1182 3643 1246 3697 *ala
1265 3650 1292 3695 1..

271 3724 306 3772 23
327 3717 415 3771 obsiti
433 3719 554 3789 Iccpias:
574 3718 609 3771 ob
628 3717 659 3769 id
677 3721 708 3770 Δ.
809 3732 894 3785 grave
913 3716 1037 3784 tegmine
1055 3718 1166 3785 sema:
1193 3730 1293 3784 graues

271 3805 376 3860 agmen
395 3794 425 3842 A.
499 3794 532 3843 26
553 3788 617 3842 illos
636 3789 746 3858 scripsi:
767 3788 825 3841 suis
844 3792 875 3841 A.
949 3792 982 3839 30
1002 3787 1114 3841 cederet
1133 3786 1292 3842 Acidaliae:

272 3863 390 3916 caderet
407 3865 437 3913 Δ.
511 3860 575 3929 quis
594 3862 655 3931 aut]
675 3860 738 3927 quis
757 3860 827 3913 haut
845 3866 873 3915 Ρ.
946 3858 1033 3932 fugai
1047 3858 1199 3928 tugamt.
