3150 4459
477 462 729 518 fflsuonmnuu
748 462 960 517 ALEXANDRI
979 463 1024 528 ΠΙ,
1043 467 1108 515 11,
1280 460 1300 525 9

282 629 430 691 mutatus
458 628 685 692 documentum
714 627 777 693 eris
801 627 954 711 posteris,
982 626 1143 710 homines,
1171 647 1244 691 cum
1268 648 1302 690 se

283 717 459 801 permisere
487 717 649 800 fortunae,
682 720 777 782 etiam
810 721 959 781 naturam
989 716 1170 781 dediscere’.
1214 714 1303 779 Haeo
1323 730 1355 778 11

284 805 531 889 vociferantem,
559 807 677 890 quibus
700 807 893 891 imperatum
917 809 999 887 erat,
1022 806 1178 892 iugulant.
1225 803 1303 869 Sera

285 894 399 959 deinde
423 895 621 979 paenitentia
648 895 750 959 subiit
771 917 894 982 regem,
923 917 960 960 ac
987 916 1062 959 vera
1086 895 1205 959 dixisse
1229 915 1302 959 con-

259 985 389 1051 efessus
413 984 543 1069 sepeliri
565 1007 638 1050 eum
662 986 765 1050 iussit.

284 1163 338 1228 cui
352 1167 560 1248 praeceptum
579 1172 629 1229 est
647 1187 666 1229 a
683 1186 768 1251 rege,
786 1167 823 1228 ut
843 1185 953 1229 omnes
968 1162 1155 1249 peregrinos
1174 1162 1303 1243 milites,

283 1253 318 1316 in
338 1252 411 1336 quis
425 1252 601 1336 plurimum
619 1252 760 1318 habebat
779 1253 857 1338 spei,
876 1251 1116 1318 aPharnabazo
1137 1252 1303 1336 acciperet,

284 1364 384 1427 opera
406 1364 517 1407 eorum
542 1366 658 1407 usurus
680 1343 715 1406 in
738 1342 833 1407 bello.
879 1340 947 1426 Ipsi
970 1341 1180 1406 Pharnabazo
1204 1340 1304 1406 tradit

247 1457 271 1497 rc
284 1431 465 1516 imperium,
488 1432 576 1516 quod
599 1437 693 1497 antea
715 1431 881 1497 Memnoni
905 1432 1042 1496 dederat.

351 1520 495 1586 Anxium
527 1521 642 1587 deinde
668 1521 865 1585 instantibus
898 1521 983 1585 euris
1011 1519 1178 1607 agitabant
1205 1519 1337 1585 etiama

283 1632 343 1695 per
374 1632 523 1676 somnum
556 1610 677 1695 species
710 1610 948 1675 imminentium
981 1633 1102 1693 rerum,
1133 1608 1199 1674 sive
1229 1609 1302 1673 illas

283 1699 468 1785 aegritudo,
496 1700 562 1765 sive
587 1700 742 1766 divinatio
766 1700 866 1766 animi
889 1699 1123 1786 praesagientis
1147 1698 1301 1765 accersiit.

284 1787 400 1854 Castra
417 1788 593 1854 Alexandri
613 1812 730 1876 magno
749 1789 835 1877 ignis
853 1790 981 1877 fulgore
1001 1790 1167 1853 conlucere
1186 1789 1214 1853 ei
1234 1788 1303 1853 visa
1322 1803 1337 1850 3

245 1905 269 1945 o
283 1882 361 1943 sunt
384 1882 417 1943 et
439 1879 536 1962 paulo
560 1884 636 1964 post
657 1878 841 1945 Alexander
864 1878 979 1944 adduci
1008 1879 1048 1942 ad
1071 1879 1177 1964 ipsum
1207 1878 1240 1941 in
1264 1900 1301 1941 eo

282 1969 383 2033 vestis
405 1968 529 2052 habitu,
553 1991 617 2053 quo
641 1969 710 2054 ipse
731 1971 912 2051 facinoros
935 1968 1058 2051 fuisset,
1081 1989 1164 2051 equo
1189 1966 1303 2031 deinde

281 2079 341 2142 per
359 2057 528 2143 Babylona
551 2063 661 2123 rectus
680 2059 788 2123 subito
814 2079 886 2122 cum
909 2058 981 2142 ipso
1001 2079 1083 2141 equo
1108 2056 1210 2122 oculis
1234 2078 1303 2121 esse

281 2146 470 2212 subductus
517 2146 569 2212 Ad
592 2148 671 2212 haec
690 2151 779 2212 vates
798 2147 888 2212 varia
906 2146 1173 2231 interpretatione
1192 2168 1302 2210 curam
1321 2162 1338 2209 4

283 2236 527 2302 distrinxerunt:
556 2237 611 2301 alii
634 2237 755 2302 laetum
784 2236 818 2301 id
845 2236 915 2322 regi
938 2237 1099 2302 somnium
1128 2259 1196 2302 esse
1221 2235 1302 2300 dice-

243 2353 269 2393 ao
282 2326 371 2410 bant,
396 2325 483 2409 quod
502 2331 607 2392 castra
624 2326 769 2392 hostium
788 2325 951 2410 arsissent,
975 2326 1061 2410 quod
1081 2324 1301 2390 Alexandrum

283 2415 433 2500 deposita
455 2416 545 2502 regia
567 2419 656 2480 veste
679 2417 714 2480 in
732 2415 864 2480 Persico
888 2419 920 2479 et
943 2416 1070 2502 vulgari
1093 2414 1208 2478 habitu
1232 2436 1302 2498 per-

280 2505 416 2570 ductum
450 2504 489 2569 ad
526 2526 561 2569 se
593 2506 742 2586 vidisset,
779 2504 909 2589 quidam
942 2528 1021 2570 non:
1059 2503 1337 2590 augurabanturo

282 2596 403 2680 quippe
444 2592 596 2659 inlustria
632 2594 846 2660 Macedonum
889 2598 994 2659 castra
1035 2594 1105 2658 visa
1142 2593 1302 2679 fulgorem

281 2683 468 2749 Alexandro
492 2685 697 2768 portendere:
722 2683 773 2749 cui
794 2685 845 2747 vel
869 2704 1005 2769 regnum
1024 2680 1121 2748 Asiae
1145 2704 1301 2766 occupare

242 2799 267 2840 11
280 2774 387 2838 fatum
413 2795 495 2858 esse,
520 2773 607 2838 haud
633 2773 784 2857 ambigue
813 2772 926 2855 doceri,
953 2772 1107 2856 qnoniam
1133 2771 1167 2836 in
1191 2771 1302 2837 eodem

280 2861 399 2926 habitu
418 2861 543 2926 Dareus
561 2863 684 2947 fuisset,
708 2883 781 2926 cum
801 2861 982 2946 appellatus
1006 2867 1055 2927 est
1072 2884 1137 2926 rex.
1183 2860 1303 2926 Vetera
1322 2878 1337 2927 6

354 3081 371 3128 4
390 3073 480 3127 subiit
497 3079 523 3127 1:
544 3074 621 3129 subit
639 3079 669 3127 A.
743 3079 758 3126 6
778 3073 960 3143 Thymondas
978 3074 1089 3142 amabe:
1111 3072 1252 3126 thimodes
1271 3076 1301 3125 A.

282 3148 362 3202 test
379 3163 431 3201 om.
447 3152 467 3197 P
481 3164 515 3200 m.
525 3163 572 3215 pr.
645 3147 678 3199 ut
695 3164 746 3201 om.
761 3151 781 3197 P
795 3163 830 3199 m.
840 3164 886 3214 pr.
960 3143 1178 3198 8Pharnabazo
1198 3145 1301 3199 Aldus:

281 3217 436 3272 famabazo
455 3221 485 3269 A.
541 3223 557 3271 9
577 3216 758 3271 Pharnabazo
777 3218 878 3271 Aldus:
898 3216 1051 3270 famabazo
1070 3220 1100 3268 A.
1163 3216 1302 3269 1011111-

280 3289 362 3361 noni]
382 3288 534 3343 memmoni
552 3293 583 3339 V.
647 3294 678 3341 11
699 3287 822 3342 deinde
839 3290 950 3357 scripsi:
971 3287 1006 3341 de
1020 3292 1050 3340 A.
1120 3292 1153 3340 13
1173 3287 1303 3340 accersiit

280 3362 394 3430 emaci:
415 3359 534 3416 accersit
547 3365 578 3413 A.
635 3366 667 3413 16
681 3361 797 3426 factae
814 3377 873 3414 rex
892 3358 998 3413 addidi.
1053 3358 1166 3429 fuisset]
1181 3358 1302 3411 hussen

281 3450 374 3501 1111.
432 3438 463 3485 17
479 3432 627 3501 Babylona
640 3432 800 3500 Zumptiue:
816 3430 1019 3499 babylonamA
1033 3429 1209 3502 [babilonem
1218 3431 1262 3502 V].

281 3504 384 3575 oculis]
404 3503 499 3558 oculos
515 3509 534 3555 P
548 3522 583 3558 m.
593 3522 639 3573 pr.
713 3507 747 3557 18
766 3502 922 3557 subductus
937 3503 1066 3557 Modica:
1087 3501 1256 3555 subductum
1270 3505 1301 3553 A.

239 3603 242 3607 ,
281 3581 316 3629 22
336 3576 374 3629 ad
389 3592 419 3629 se
433 3576 564 3644 Eussocr:
585 3590 646 3628 esse
660 3579 690 3627 A.
747 3580 780 3627 23
799 3573 931 3627 inlustria
945 3579 964 3625 P
978 3592 1012 3628 m.
1023 3592 1068 3643 pr.
1084 3578 1104 3626 Ρ
1119 3590 1201 3627 coru:
1221 3571 1303 3625 indu-

280 3647 395 3702 111110.
452 3652 486 3700 24
508 3646 554 3701 cui
570 3645 615 3700 vel
632 3648 744 3714 scribsi:
767 3646 879 3714 quodue
893 3649 923 3697 A.
980 3660 1117 3713 occupare
1134 3643 1224 3698 fatum
1242 3660 1302 3698 esse

283 3719 414 3775 0111111111
434 3734 572 3787 occupare
589 3717 736 3772 habuisset
748 3721 779 3770 A.
853 3722 887 3769 25
907 3717 1040 3787 ambigue
1059 3715 1169 3771 doceri
1187 3717 1301 3785 secabat:

280 3790 432 3914 ambiguae
451 3790 493 3844 rei
511 3794 541 3843 A.
616 3796 649 3844 26
668 3788 788 3859 Dareus]
808 3788 895 3841 daron
914 3793 933 3839 P
951 3806 985 3842 m.
996 3806 1042 3858 pr.
1129 3786 1302 3857 appellatus]

281 3862 424 3931 apelatus
442 3867 471 3916 P.
