3150 4459
467 463 721 519 HISTORIARUM
738 464 954 518 ALEXANDRI
974 464 1006 531 V,
1027 470 1051 519 3.
1205 464 1268 531 119

248 630 344 711 ditur,
373 651 440 693 non
472 651 542 693 esse
575 630 686 693 veniae
718 628 835 693 locum.
887 626 1002 712 Itaque
1035 628 1269 713 suppliciorum
1290 648 1322 695 12

248 740 377 802 quoque
405 724 494 782 metu
517 720 658 801 perculsi
685 718 726 782 ad
750 716 973 802 Sisigambim,
1001 716 1099 782 Darei
1123 722 1270 802 matrem,

249 808 377 873 occulto
405 807 521 872 itinere
544 809 721 893 ignotoque
748 807 898 871 hostibus
921 806 1071 891 mittunt,
1099 808 1155 891 qui
1183 811 1269 891 pete-

249 902 341 981 rent,
362 901 399 960 ut
427 898 498 981 ipsa
525 919 634 983 regem
663 897 842 982 mitigaret,
869 896 956 961 haud
979 896 1098 982 ignari,
1126 897 1270 981 parentis

220 1009 320 1057 seam
356 986 429 1051 loco
467 986 559 1072 diligi
590 985 732 1069 colique.
786 985 831 1048 ut
862 985 1006 1049 Medates
1044 987 1164 1051 sororis
1201 987 1269 1050 eius

249 1076 350 1139 filiam
375 1098 481 1140 secum
506 1076 714 1142 matrimonio
738 1075 897 1159 iunxerat,
920 1074 1063 1139 Dareum
1085 1076 1270 1160 propinqua

249 1167 442 1250 cognatione
484 1166 683 1249 contingens.
747 1163 812 1229 Diu
850 1162 1043 1251 Sisigambis
1086 1165 1271 1249 supplicum
1291 1182 1324 1230 13

250 1254 399 1337 precibus
429 1256 622 1340 repugnavit
652 1254 796 1319 abnuens
827 1253 1085 1337 deprecationem
1114 1275 1174 1339 pro
1204 1253 1271 1319 illis

251 1343 346 1427 [non]
384 1345 554 1408 convenire
590 1344 750 1427 fortunae,
785 1344 821 1407 in
858 1364 922 1426 qua
958 1347 1053 1426 esset,
1089 1343 1271 1426 adiecitque

209 1463 236 1502 ro
252 1436 394 1498 metuere
417 1456 499 1516 sese,
527 1456 568 1497 ne
595 1432 728 1497 victoris
751 1432 988 1518 indulgentiam
1010 1433 1177 1518 fatigaret,
1206 1453 1271 1497 sae·

251 1522 389 1606 piusque
404 1523 557 1607 cogitare,
575 1524 737 1606 captivam
752 1543 822 1587 esse
842 1543 875 1586 se
890 1532 987 1605 quam
1000 1522 1147 1607 reginam
1161 1522 1271 1587 fuisse.

250 1610 304 1674 Ad
335 1611 487 1676 ultimum
518 1612 604 1678 victa
633 1612 751 1676 litteris
779 1609 1001 1675 Alexandrum
1029 1612 1076 1675 ita
1104 1612 1273 1696 deprecata
1293 1628 1327 1676 14

252 1705 310 1783 est,
333 1704 370 1765 ut
393 1702 501 1784 ipsum
525 1705 701 1786 excusaret,
725 1701 813 1784 quod
836 1701 1071 1785 deprecaretur:
1098 1707 1207 1785 petere
1230 1722 1273 1784 se,

253 1793 289 1853 ut
312 1790 378 1853 illis
403 1812 540 1873 quoque,
569 1790 740 1872 siminus,
769 1790 833 1854 sibi
856 1791 1051 1876 ignosceret:
1078 1811 1138 1875 pro
1166 1810 1273 1855 neces·

212 1907 239 1948 rs
253 1878 399 1956 sarioac
421 1880 605 1964 propinquo
629 1902 703 1963 suo,
725 1880 792 1943 iam
814 1901 882 1945 non
904 1880 1012 1962 hoste,
1040 1880 1096 1944 sed
1117 1880 1274 1963 supplice,

253 1972 379 2032 tantum
411 1969 512 2033 vitam
539 1969 671 2053 precari.
721 1968 977 2034 Moderationem
1006 1968 1273 2050 clementiamque
1295 1983 1327 2032 15

253 2059 352 2143 regiS,
382 2080 463 2141 quae
486 2063 564 2122 tuno
586 2058 663 2141 fuit,
692 2059 744 2123 vel
771 2080 837 2122 una
858 2058 940 2123 haec
966 2080 1017 2124 res
1041 2059 1146 2142 possit
1169 2061 1274 2123 osten-

254 2149 340 2210 dere:
370 2170 436 2211 non
455 2148 577 2212 Medati
595 2149 692 2212 modo
716 2148 852 2233 ignovit,
875 2148 931 2212 sed
955 2170 1067 2213 omnes
1091 2151 1124 2212 et
1147 2148 1273 2212 deditos

254 2241 286 2300 et
318 2238 464 2319 captivos
496 2236 557 2321 [et]
590 2237 739 2301 libertate
776 2240 873 2320 atque
905 2236 1098 2302 inmunitate
1135 2237 1275 2318 donavit,

212 2352 240 2393 so
254 2326 374 2391 urbem.
399 2327 532 2410 reliquit
566 2327 735 2409 intactam,
770 2347 865 2411 agros
905 2328 973 2391 sine
1010 2326 1135 2391 tributo
1171 2326 1274 2391 colere

253 2415 407 2499 permisit.
461 2415 491 2479 A
523 2416 645 2480 victore
678 2416 783 2480 Dareo
820 2416 915 2499 plura
951 2420 1054 2480 mater
1089 2439 1156 2481 non
1188 2417 1276 2498 inpe-

254 2508 376 2570 trasset.

200 2601 239 2656 12
322 2593 480 2658 Uxiorum
506 2594 582 2657 dein
604 2599 734 2680 gentem
757 2594 924 2659 subactam
944 2593 1154 2659 Susianorum
1179 2599 1276 2658 satra·
1297 2609 1329 2657 10

255 2705 313 2765 pae
334 2683 511 2747 contribuit
530 2683 708 2767 divisisque
732 2704 806 2748 oum
824 2682 1036 2749 Parmenione
1056 2684 1157 2768 copiis
1182 2683 1276 2747 illum

213 2801 240 2840 as
256 2774 427 2855 campestri
455 2774 569 2836 itinere
596 2773 768 2856 procedere
792 2772 897 2857 iubet,
925 2774 994 2856 ipse
1024 2796 1097 2839 cum
1126 2773 1275 2856 expedito

255 2863 382 2946 agmine
401 2863 514 2947 iugum
533 2862 694 2926 montium
717 2862 812 2946 cepit,
836 2884 973 2946 quorum
992 2866 1183 2945 perpetuum
1206 2862 1278 2925 dor-

254 2973 325 3014 sum
351 2952 385 3014 in
403 2951 568 3015 Persidem
592 2953 742 3016 excurrit.
789 2949 887 3015 Omni
910 2952 972 3018 hac
995 2952 1126 3036 regione
1149 2954 1277 3015 vastata
1297 2968 1329 3015 17

253 3042 350 3103 tertio
371 3040 422 3104 die
441 3040 617 3123 Persidem,
640 3041 753 3124 quinto
774 3041 951 3126 angustias,
974 3063 1053 3124 quas
1076 3040 1125 3104 illi
1144 3037 1276 3105 Susidas

254 3131 347 3212 pylas
366 3133 492 3215 vocant,
515 3132 622 3193 intrat.
669 3128 903 3195 Ariobarzanes
926 3130 986 3194 has
1005 3151 1079 3194 cum
1097 3147 1170 3193 xxv
1193 3128 1277 3193 mili-

329 3360 437 3427 5loco]
457 3376 568 3428 quoque
587 3366 615 3414 P.
671 3359 852 3483 6101110101]
867 3361 986 3412 unxerat
1004 3365 1072 3413 Pm.
1085 3376 1129 3426 pr.
1187 3365 1278 3413 9non

256 3432 305 3486 dcl.
321 3432 535 3486 Freinshemius.
596 3430 757 3500 adiecitque
770 3436 796 3484 1:
817 3448 833 3484 a
853 3430 961 3500 icitque
975 3435 1005 3484 Δ,
1067 3436 1100 3484 10
1119 3431 1166 3502 ne]
1185 3447 1237 3484 nec
1252 3437 1278 3484 ὓ.

257 3508 290 3556 15
310 3503 402 3573 hoste]
421 3503 516 3557 hostes
535 3509 555 3555 P
569 3520 604 3557 m.
615 3520 661 3572 pr.
749 3508 782 3555 17
801 3518 846 3556 res
865 3502 967 3572 possit]
990 3502 1132 3571 responsit
1151 3507 1171 3554 B
1185 3520 1219 3556 m.
1231 3520 1277 3571 pr.

255 3580 312 3627 LV,
368 3574 526 3645 ostendere]
541 3574 735 3629 ostenderet?
754 3591 788 3627 m.
801 3591 845 3641 pr.
903 3578 935 3627 19
955 3573 1008 3644 [et]
1026 3572 1160 3627 libertato
1175 3574 1277 3627 Laucr.

256 3650 290 3699 20
310 3646 404 3716 agros]
424 3662 492 3714 agro
512 3651 581 3700 Bor.
591 3664 637 3715 pr.
716 3644 818 3716 colere]
839 3644 930 3698 colore
949 3650 979 3697 V.
1059 3651 1093 3698 24
1112 3644 1278 3715 divisisque]

256 3717 411 3785 diuisitque
426 3724 445 3770 Ρ
459 3734 494 3770 m.
505 3735 551 3786 pr.
605 3717 802 3787 Parmenione]
817 3716 1016 3784 parmaenione
1031 3723 1056 3770 0.
1112 3720 1146 3768 26
1162 3716 1238 3785 cepit
1252 3721 1277 3769 1:

256 3789 351 3857 coepit
374 3794 403 3840 A.
505 3795 538 3842 29
564 3788 646 3858 pylas
665 3788 770 3843 Aldus:
799 3787 872 3855 pilas
898 3792 929 3841 Δ,
1034 3806 1089 3842 xxv
1112 3786 1226 3841 milibus
1252 3793 1278 3840 1:

256 3866 337 3915 x’x‘vs
352 3866 382 3914 Δ,
