3150 4459
323 419 389 485 218
492 362 495 367 1
703 418 735 483 Q.
755 418 865 473 CUltTI
883 419 969 473 RUFI

322 585 460 649 trecenis
482 582 670 669 nonagenis,
694 580 832 646 trecenis
856 581 924 645 vini
947 582 1219 648 aestimabantur:
1250 583 1353 649 tritici

270 690 304 739 24
322 672 407 737 nihil
434 677 491 737 aut
513 671 687 736 admodum
707 672 860 760 exiguum
879 672 1106 755 reperiebatur,
1140 669 1234 736 Siros
1258 695 1354 738 voca-

323 762 402 827 bant
425 760 566 845 barbari,
595 782 676 845 quos
704 760 756 824 ita
780 760 926 825 sollerter
950 760 1168 843 abscondunt,
1197 766 1251 844 ut,
1288 762 1353 827 nisi

323 851 379 935 qui
403 850 607 932 defoderunt,
634 848 779 914 invenire
801 871 870 914 non
891 850 1030 933 possint:
1064 850 1097 913 in
1120 849 1172 913 his
1197 851 1353 916 conditae

322 940 431 1025 fruges
466 943 565 1004 erant.
630 936 669 1002 In
701 960 838 1024 quarum
869 940 1004 1022 penuria
1035 938 1155 1003 milites
1193 939 1386 1007 fluviatilis

265 1046 303 1095 ae
323 1031 411 1114 pisce
435 1033 468 1093 et
497 1027 606 1093 herbis
634 1027 884 1092 sustinebantur.
930 1025 1063 1110 Iamque
1090 1028 1170 1092 haec
1194 1028 1269 1112 ipsa
1296 1030 1353 1093 ali-

323 1122 432 1182 menta
462 1118 657 1201 defecerant,
690 1138 763 1181 cum
787 1117 944 1194 iumenta,
975 1116 1092 1200 quibus
1117 1139 1216 1181 onera
1239 1123 1353 1202 porta-

323 1208 411 1291 bant,
434 1207 565 1271 caedere
587 1206 668 1271 iussi
687 1209 776 1270 sunt:
801 1205 917 1270 horum
941 1227 1046 1291 carne,
1069 1206 1145 1270 dum
1169 1206 1203 1271 in
1223 1206 1353 1273 Bactri-

269 1314 302 1363 26
318 1318 400 1360 ‚anos
424 1300 615 1379 perventum
638 1301 694 1378 est,
722 1299 847 1359 traxere
870 1294 979 1360 vitam.
1026 1294 1216 1359 Bactrianae
1240 1299 1352 1362 terrae
1366 1301 1395 1357 18

322 1387 493 1468 multiplex
522 1388 555 1448 et
581 1383 671 1449 varia
697 1389 814 1449 natura
842 1386 899 1448 est.
945 1382 1035 1448 Alibi
1061 1383 1164 1449 multa
1191 1384 1295 1451 arbor
1320 1392 1353 1452 et
1367 1414 1388 1452 ιο

316 1475 397 1540 uitis
420 1475 529 1559 largos
552 1474 710 1557 mitesque
724 1473 851 1537 fructus
874 1473 942 1556 alit,
965 1472 1071 1537 solum
1094 1474 1215 1557 pingue
1241 1476 1352 1540 crebri

238 1580 240 1583 ’
321 1564 427 1628 fontes
449 1563 570 1649 rigant,
601 1583 682 1646 quae
710 1561 841 1625 mitiora
863 1565 955 1644 sunt,
984 1563 1147 1627 frumento
1171 1584 1352 1628 conserun—

268 1672 302 1721 27
321 1656 384 1736 tur,
407 1656 513 1717 cetera
532 1656 750 1717 armentorum
764 1651 885 1735 pabulo
905 1651 1030 1717 cedunt.
1058 1651 1210 1736 Magnam
1231 1652 1351 1717 deinde

321 1746 445 1825 partem
473 1741 617 1805 eiusdem
644 1744 749 1805 terrae
777 1740 903 1805 steriles
930 1739 1068 1805 harenae
1091 1745 1218 1805 tenent:
1251 1764 1348 1825 squa-

320 1830 388 1895 lida
417 1830 562 1894 siccitate
594 1830 684 1915 regio
713 1850 781 1894 nou
810 1829 990 1912 hominem,
1020 1852 1086 1894 non
1115 1830 1243 1914 frugem
1277 1830 1348 1896 alit.
1364 1858 1386 1898 ra

323 1918 404 1984 Cum
427 1921 503 1984 vero
531 1919 620 1983 venti
643 1942 662 1982 a
685 1918 821 1983 Pontico
845 1920 927 1982 mari
951 1918 1084 2002 spirant,
1114 1919 1273 2003 quidquid
1300 1943 1348 1985 sa-

321 2008 391 2073 buli
409 2009 443 2072 in
468 2009 590 2091 campis
613 2008 706 2089 iacet,
730 2011 939 2072 converrunt:
964 2008 1052 2091 quod
1071 2008 1128 2072 ubi
1143 2007 1347 2073 cumulatum

321 2103 379 2179 est,
408 2119 599 2183 magnorum
632 2096 764 2162 collium
777 2096 900 2180 ,procul
929 2097 1053 2181 species
1081 2100 1142 2180 est,
1170 2098 1348 2182 omniaque

267 2205 301 2254 28
317 2187 451 2270 pristini
474 2187 600 2251 itineris
624 2187 763 2273 vestigia
785 2186 958 2250 intereunt.
1004 2184 1132 2270 ltaque,
1162 2184 1218 2270 qui
1241 2191 1348 2251 trans-

321 2279 399 2340 eunt
427 2297 570 2359 campos,
598 2275 822 2362 navigantium
850 2275 946 2339 modo
977 2280 1076 2339 noctu
1099 2276 1203 2340 sidera
1236 2277 1348 2341 obser·
1362 2305 1386 2343 ro

320 2359 406 2449 rant,
430 2365 470 2428 ad
490 2386 628 2448 quorum
645 2385 772 2429 cursum
797 2365 859 2427 iter
878 2364 1035 2449 dirigrmt:
1060 2369 1091 2428 et
1109 2365 1346 2448 propemodum

267 2474 300 2522 29
319 2455 437 2519 clarior
453 2458 503 2518 est
524 2454 628 2518 noctis
645 2453 760 2518 umbra
777 2475 876 2537 quam
889 2452 955 2517 lux.
987 2453 1077 2539 Ergo
1096 2454 1237 2518 interdiu
1256 2454 1347 2519 invia

320 2548 369 2608 est
392 2543 491 2628 regio,
514 2543 591 2626 quia
604 2564 663 2608 nec
671 2543 855 2629 vestigium,
874 2543 961 2626 quod
976 2546 1160 2626 sequantur,
1173 2543 1347 2608 inveniunt
1384 2599 1387 2603 .

320 2637 352 2697 et
382 2633 470 2697 nitor
498 2632 638 2697 siderum
674 2630 812 2718 caligine
851 2631 1068 2696 absconditur.
1127 2631 1276 2695 Ceterum
1317 2634 1345 2697 si

321 2744 401 2806 quos
429 2721 485 2786 ille
507 2727 641 2806 uentus,
675 2722 732 2805 qui
761 2744 780 2783 a
813 2721 896 2784 mari
928 2721 1085 2804 exoritur,
1122 2720 1345 2804 deprehendit,
1360 2750 1385 2789 aa

265 2830 301 2878 eo
320 2811 439 2876 harena
463 2811 580 2876 obruit.
614 2809 686 2888 Sed,
709 2832 773 2894 qua
792 2810 903 2874 mitior
917 2814 1003 2874 terra
1022 2814 1080 2893 est,
1102 2811 1216 2896 ingens
1240 2810 1343 2875 homi-

393 2957 407 3004 1
425 2950 544 3003 trecenis
559 2950 723 3020 nonagenis,
738 2950 859 3004 trecenis
871 2949 1040 3004 Frobcm'us:
1059 2967 1192 3002 cccxccco
1206 2957 1231 3017 c,
1248 2968 1296 3003 occ
1317 2970 1341 3002 α

320 3040 369 3076 ccc
382 3027 411 3075 Ρ.
457 3021 680 3093 teut]haud1’.
730 3020 935 3092 reperiebatur]
949 3021 1199 3090 repperiebaturl’.
1253 3020 1344 3093 Siros]

319 3110 397 3163 syros
416 3098 499 3147 BEV.
572 3100 589 3147 4
607 3093 744 3163 invenire]
763 3091 886 3147 inueniri
905 3097 960 3145 LV.
1034 3092 1156 3163 possint]
1174 3094 1293 3161 possunt
1312 3099 1344 3147 1³.

320 3172 335 3218 ὁ
355 3163 496 3236 fluviatili]
515 3163 658 3217 fluuiatibi
676 3170 704 3217 Ρ.
797 3169 811 3216 6
831 3161 937 3234 herbis]
957 3161 1031 3216 erbis
1050 3169 1081 3217 V.
1176 3169 1190 3216 7
1210 3179 1295 3217 onera
1315 3170 1343 3218 1:

319 3235 425 3290 honera
438 3240 469 3289 A.
526 3238 726 3305 9perventum
740 3236 911 3304 eeteorrpsa':
926 3235 1094 3303 peruentum
1109 3240 1139 3289 Δ.
1196 3241 1228 3288 11
1244 3235 1344 3289 mites·

319 3308 386 3379 que]
405 3307 557 3375 mittesque
570 3314 600 3360 P.
654 3307 773 3378 pingue]
792 3306 879 3378 pigne
897 3311 917 3357 Ρ
936 3323 1037 3375 ηιμ,
1055 3307 1229 3377 pingam.
1248 3324 1283 3360 m.
1293 3323 1343 3375 pr.

318 3378 714 3450 12mitiora]miciora1.1²v.
767 3377 931 3449 13cedunt]
944 3377 1074 3431 cedent}²
1089 3396 1122 3432 m.
1133 3395 1180 3447 pr.
1236 3384 1271 3431 14
1286 3381 1343 3431 ste-

318 3450 385 3504 riles
404 3457 429 3503 1:
450 3450 554 3505 sterilis
568 3454 599 3504 A.
667 3448 1018 3520 harenae]arenae1.1²v.
1079 3455 1112 3502 15
1131 3448 1222 3520 regio]
1236 3449 1298 3520 regi
1312 3456 1343 3503 Ρ.

320 3526 353 3575 16
368 3520 460 3576 sabuli
475 3523 582 3577 Larem:
602 3520 702 3591 pabuli
721 3528 747 3587 0,
766 3520 853 3590 paulo
866 3526 895 3573 1³.
970 3526 1001 3574 17
1022 3520 1200 3591 converrunt]
1216 3536 1343 3575 comuer-

317 3595 385 3647 runt
398 3599 427 3647 1³.
499 3592 561 3677 ubi]
580 3592 633 3647 ulli
646 3599 675 3646 Ρ.
749 3598 783 3646 18
803 3591 1088 3675 species]speties1?.
1162 3597 1195 3645 22
1214 3591 1342 3646 interdiu

318 3664 396 3719 invia
418 3666 526 3720 Dauom
552 3664 707 3719 interdium
731 3663 780 3717 uia
804 3669 837 3730 Ρ,
862 3664 940 3717 indre
963 3663 1043 3716 inuia
1068 3669 1092 3715 c.
1203 3667 1236 3715 23
1260 3663 1341 3735 quia]

318 3735 386 3804 quia
405 3736 472 3805 quia
485 3742 514 3803 1³,
534 3735 602 3805 quia
620 3736 669 3804 qui
688 3739 770 3788 BLV.
835 3740 868 3787 26
889 3733 1088 3806 deprehendit]
1109 3733 1297 3803 deprehendit
1310 3739 1342 3789 r.

318 3812 353 3861 26
370 3806 490 3879 harena]
508 3807 612 3861 harene
631 3813 659 3873 P,
678 3822 763 3860 arena
781 3811 813 3859 V.
