3150 4459
475 476 728 531 HISTORIABUM
747 476 959 531 ALEXANDRI
977 476 1038 543 VII,
1057 483 1080 532 t.
1224 477 1290 542 225

268 642 341 705 bem
370 662 467 726 seque
496 641 655 706 dedentes.
706 639 766 706 Ille
789 641 948 724 Milesios,
969 641 1038 725 .qui
1067 641 1153 725 apud
1182 641 1290 725 ipsum

269 730 454 813 militarent,
477 731 647 795 convocari
671 731 767 795 iubet.
800 728 903 795 Vetus
928 730 1038 796 odium
1061 731 1180 796 Milesii
1203 754 1290 817 gere·
1310 749 1344 798 30

268 820 347 884 bant
365 820 400 882 in
423 818 678 885 Branchidarum
702 824 840 906 gentem.
877 820 1019 885 Proditis
1043 842 1130 906 ergo,
1154 822 1221 885 sive
1244 821 1290 885 in-

267 909 368 973 iuriae
405 909 472 974 sive
509 910 643 996 originis
674 910 860 975 meminisse
897 908 1044 991 mallent,
1081 910 1218 975 liberum
1251 912 1290 975 de

240 997 458 1066 sBranehidis
495 1000 656 1082 permittit
691 998 868 1064 arbitrium.
929 998 1138 1065 Variantibus
1177 999 1290 1064 deinde
1309 1017 1342 1065 31

267 1088 435 1152 sententiis
472 1110 507 1152 se
543 1090 650 1172 ipsum
688 1088 976 1172 consideraturum,
1009 1088 1087 1172 quid
1129 1089 1290 1172 optimum

265 1177 354 1241 factu
378 1182 470 1260 esset,
494 1178 646 1241 ostendit.
692 1177 828 1243 Postero
853 1178 904 1243 die
923 1178 1167 1243 occurrentibus
1190 1177 1291 1243 Bran·

266 1266 369 1330 chidis
398 1289 506 1331 secum
529 1267 701 1351 procedere
728 1267 828 1350 iubet,
856 1289 993 1351 cumque
1017 1267 1057 1331 ad
1078 1266 1194 1331 urbem
1216 1289 1289 1332 ven-

266 1360 335 1418 tum
364 1362 463 1439 esset,
500 1356 571 1440 ipse
604 1379 676 1421 cum
710 1358 861 1441 expedita
888 1378 985 1421 manu
1013 1360 1141 1441 portam
1173 1357 1289 1422 intrat:

226 1474 251 1513 ιο
265 1444 406 1528 phalanx
435 1447 562 1511 moenia
593 1446 705 1530 oppidi
733 1446 901 1511 circumire
925 1446 1012 1511 iussa
1039 1450 1071 1510 et
1095 1445 1170 1510 dato
1195 1446 1288 1531 signo
1309 1463 1342 1511 33

266 1534 403 1618 diripere
426 1536 547 1616 urbem,
570 1535 774 1619 proditorum
797 1535 1049 1619 receptaculum,
1073 1535 1225 1620 ipsosque
1249 1536 1289 1599 ad

264 1646 364 1687 unum
397 1624 536 1689 caedere.
582 1624 636 1689 Illi
667 1626 806 1689 inermes
836 1626 957 1709 passim
985 1624 1202 1709 trucidantur,
1230 1645 1290 1688 neo
1309 1641 1341 1689 33

265 1716 321 1776 aut
345 1715 537 1778 commercio
565 1714 696 1798 linguae
720 1717 776 1779 aut
800 1714 983 1798 supplicum
1006 1714 1195 1778 velamentis
1218 1736 1288 1798 pre

266 1801 420 1886 cibusque
443 1803 584 1867 inhiberi
614 1803 787 1867 crudelitas
811 1806 926 1886 potest.
973 1801 1132 1887 Tandem,
1165 1807 1202 1867 ut
1225 1803 1288 1867 dei-

224 1921 250 1958 ra
265 1895 389 1973 carent,
418 1892 628 1956 fundamenta
655 1913 822 1957 murorum
855 1893 895 1956 ab
926 1893 991 1957 imo
1021 1893 1212 1977 moliuntur,
1248 1914 1288 1957 ne

265 1981 352 2062 quod
376 1981 465 2044 urbis
488 1982 662 2067 vestigium
693 1985 825 2047 extaret.
871 1979 1014 2045 Nemora
1037 2002 1165 2065 quoque
1189 1988 1218 2046 et
1241 1983 1288 2045 lu·
1308 1998 1341 2046 31

265 2090 319 2132 333
344 2091 451 2133 sacros
474 2092 540 2135 non
564 2071 701 2135 caedunt
724 2070 830 2154 modo,
855 2071 910 2135 sed
934 2070 1032 2134 etiam
1056 2073 1227 2154 extirpant,
1250 2074 1287 2135 ut

264 2161 356 2222 vasta
379 2159 520 2224 solitudo
536 2164 568 2224 et
587 2160 705 2224 sterilis
728 2160 847 2226 humus
867 2162 989 2224 exustis
1009 2160 1107 2224 etiam
1126 2160 1288 2225 radicibus

264 2248 473 2330 linqueretur.
520 2247 607 2325 Quae
631 2249 658 2314 si
682 2252 717 2314 in
740 2250 828 2333 ipsos
847 2249 1041 2333 proditionis
1066 2252 1212 2313 auctores
1236 2270 1288 2313 ex·
1306 2267 1341 2315 35

224 2366 250 2404 3ο
265 2337 406 2423 cogitata
430 2342 545 2423 essent,
568 2340 654 2404 iusta
678 2338 759 2404 ultio
779 2360 858 2423 esse,
880 2361 946 2405 non
970 2338 1142 2403 crudelitas
1166 2339 1287 2404 videre

264 2431 330 2490 tur:
360 2448 447 2492 nunc
474 2428 601 2512 culpam
629 2428 788 2493 maiorum
817 2431 939 2512 posteri
966 2428 1067 2513 luere,
1095 2428 1152 2512 qui
1179 2450 1220 2492 ne
1242 2429 1288 2493 vi·

265 2516 377 2580 derant
400 2518 529 2601 quidem
551 2517 713 2602 Miletum,
742 2517 821 2583 adeo
846 2522 878 2583 et
901 2518 1001 2583 Xerxi
1024 2539 1090 2582 non
1113 2520 1287 2601 potuerant

263 2607 405 2688 prodere.

211 2700 249 2754 34
330 2694 409 2759 Inde
431 2697 589 2778 processit
619 2695 660 2759 ad
682 2695 806 2760 Tanain
835 2718 970 2760 amnem.
1017 2695 1087 2773 Quo
1112 2696 1286 2779 perductus
1306 2713 1339 2762 33

223 2811 249 2850 33
265 2788 312 2848 est
336 2784 454 2848 Bessus
481 2806 547 2848 non
578 2785 706 2849 vinctus
734 2784 844 2870 modo,
877 2785 931 2849 sed
960 2785 1057 2849 etiam
1086 2785 1174 2848 omni
1204 2785 1287 2850 vela-

335 2947 350 2992 3
371 2941 475 2995 Milesii
497 2942 636 3012 gerebant
653 2942 874 2997 Freinshemius:
900 2940 982 2995 miles
1001 2941 1139 3012 gerebant
1157 2947 1185 3008 1³,
1205 2942 1285 2995 miles

262 3012 380 3081 gerebat
399 3020 424 3065 c.
534 3018 549 3065 3
577 3012 800 3067 Branchidarum
819 3014 988 3068 Frobeaius:
1013 3012 1232 3067 brachiadarum
1254 3018 1285 3067 A.

263 3092 280 3136 4
300 3084 428 3154 originis]
448 3084 572 3155 origenis
587 3090 614 3139 Ρ,
689 3090 705 3139 t
725 3084 892 3140 Branchidis
907 3085 1076 3139 Frobeaias:
1096 3085 1240 3139 brancidis
1254 3089 1284 3141 A.

264 3156 380 3224 cquid]
399 3155 475 3223 quod
494 3163 520 3209 c.
600 3156 725 3227 lfactu]
745 3155 853 3210 factum
871 3159 940 3211 Bm.
950 3173 996 3225 pr.
1011 3161 1040 3210 r.
1118 3156 1284 3210 Branchidis

265 3227 440 3296 Mudoipics:
460 3226 630 3281 brachiadas
648 3232 671 3279 A
691 3227 873 3299 [barchiadas
891 3228 932 3299 L].
1018 3232 1033 3281 9
1053 3227 1127 3297 ipss]
1146 3227 1240 3295 ipsum
1259 3235 1284 3281 c.

264 3303 297 3351 10
316 3296 454 3370 phalanx]
472 3298 610 3367 phallanx
627 3303 659 3352 V.
737 3298 894 3371 circumire]
913 3298 1031 3353 circuire
1049 3304 1078 3352 F.
1160 3304 1193 3353 13
1213 3299 1286 3354 iner-

263 3370 333 3440 mes]
352 3370 493 3425 inhermes
512 3376 540 3423 1³.
631 3386 684 3424 nec
702 3373 752 3425 aut
782 3389 818 3425 ne
837 3370 915 3425 haud
933 3376 1002 3425 Pm.
1013 3387 1058 3440 pr.
1153 3376 1186 3424 13
1211 3387 1284 3426 eom-

262 3442 378 3511 mercio]
405 3442 568 3496 commertio
591 3447 618 3496 1².
699 3444 750 3496 aut
790 3441 867 3495 haud
890 3446 917 3496 P.
1004 3441 1164 3511 supplicum
1182 3443 1284 3497 Frobe-

262 3516 339 3567 ar'us:
360 3513 500 3582 supplicio
515 3529 578 3566 eum
589 3518 619 3568 A.
677 3518 709 3567 13
724 3513 847 3568 Nemora
863 3514 1024 3569 Acidaliae:
1040 3530 1092 3568 nec
1106 3531 1185 3569 mora
1199 3518 1229 3566 A.

262 3592 291 3638 ot
309 3584 387 3638 lucos
406 3590 432 3637 1:
451 3583 531 3638 lucos
545 3589 576 3638 A.
644 3591 676 3638 17
696 3585 758 3656 sed]
778 3586 822 3639 set
839 3590 867 3639 L.
938 3590 971 3638 18
991 3584 1107 3668 sterilis]
1127 3585 1236 3639 sterelis
1255 3591 1284 3651 Ρ,

262 3656 381 3709 sterrilis
395 3661 422 3710 1..
484 3656 589 3710 exustis
607 3658 718 3725 scripsi:
738 3656 862 3711 excussis
877 3661 906 3709 A.
968 3662 1001 3710 13
1020 3656 1202 3728 prodrtionis]
1221 3673 1285 3726 pro·

262 3728 381 3782 dicionis
396 3734 416 3779 Ι.
430 3746 465 3782 m.
475 3745 521 3797 pr.
536 3733 563 3781 Ρ.
624 3733 659 3781 20
677 3728 761 3799 ultio]
780 3727 835 3782 ulti
853 3733 922 3781 Pm.
937 3744 979 3796 pr.
1040 3734 1074 3781 23
1094 3728 1283 3783 3313οΓ33113-

260 3802 338 3853 as'us:
358 3799 423 3852 ideo
437 3804 467 3853 A.
542 3798 627 3852 Xerxi
659 3800 733 3853 serxi
750 3806 778 3854 1³.
853 3805 887 3854 24
906 3799 955 3871 ad]
975 3802 1005 3853 at
1021 3804 1052 3852 v.
1126 3798 1236 3852 Tanain
1251 3805 1283 3852 P:

261 3871 369 3924 tanaim
389 3877 413 3924 0.
469 3871 622 3939 perductus
653 3872 808 3940 productus
828 3878 853 3925 0.

320 3970 426 4009 cramus
439 3970 523 4011 Rarus
538 3970 572 4011 ed.
587 3970 730 4015 Hedicke.
757 3973 805 4015 Ed.
818 3974 904 4015 mator.
1117 3962 1158 4009 &b
