3150 4459
330 442 393 506 192
706 442 737 508 Q.
757 442 868 497 CUltTI
886 442 972 496 RUFI

328 605 444 670 humili
467 604 578 670 ordine
601 605 642 669 ad
664 628 737 670 eum
760 606 906 691 gradum,
929 606 962 668 in
987 626 1051 688 quo
1074 609 1152 669 tunc
1176 609 1255 687 erat,
1278 628 1355 689 pro-

292 697 453 761 amotus:
478 694 534 778 qui
551 694 733 759 tacentibus
756 694 871 760 ceteris
891 695 1008 759 stolida
1030 693 1163 759 audacia
1180 694 1276 759 ferox
1299 696 1352 759 ad-

328 805 458 849 monere
481 805 536 849 eos
564 783 684 868 coepit,
717 785 866 868 quotiens
899 784 966 847 suis
989 785 1125 867 quisque
1149 783 1354 867 deversoriis,

329 894 411 955 quae
443 877 668 957 occupassent,
699 874 910 957 proturbatus
940 876 1037 956 esset,
1068 876 1105 937 ut
1136 877 1354 959 purgamenta

329 982 495 1026 servorum
517 960 666 1027 Philotae
688 961 908 1047 reciperentur
930 983 982 1045 eo,
1005 960 1089 1025 unde
1113 962 1354 1027 commilitones
1380 990 1391 1030 s

291 1049 536 1134 aexpulissent.
589 1049 678 1115 Auro
714 1054 912 1137 argentoque
949 1050 1096 1115 vehicula
1132 1050 1201 1115 eius
1234 1055 1355 1115 onusta

330 1140 409 1203 totis
428 1139 508 1203 vicis
531 1142 668 1222 stetisse,
693 1162 730 1205 ac
747 1162 787 1205 ne
806 1141 841 1204 in
859 1141 1010 1205 viciniam
1030 1139 1158 1224 quidem
1178 1139 1355 1205 deversorii

330 1250 522 1313 quemquam
546 1228 804 1293 commilitonum
828 1232 992 1313 receptum
1020 1250 1101 1312 esse,
1130 1228 1186 1292 sed
1208 1251 1267 1313 per
1291 1229 1354 1294 dis-

329 1318 463 1402 positos,
487 1339 569 1401 quos
587 1340 686 1401 supra
708 1340 858 1383 somnum
876 1317 1025 1400 habebat,
1049 1317 1154 1382 omnis
1172 1318 1289 1401 procul
1307 1342 1354 1383 re-

329 1408 464 1493 legatos,
486 1429 526 1471 ne
544 1406 664 1471 femina
687 1406 744 1472 ille
762 1406 1032 1472 murmurantium
1055 1408 1140 1471 inter
1163 1427 1197 1470 se
1221 1407 1354 1472 silentio
1369 1436 1394 1475 ιο

290 1497 436 1565 suerius
465 1518 560 1579 quam
587 1517 667 1560 sono
696 1497 896 1561 excitaretur.
938 1494 1095 1560 Ludibrio
1124 1496 1277 1560 siluisse
1302 1520 1353 1561 ru-

331 1585 430 1650 sticos
453 1583 601 1650 homines
622 1584 834 1671 Phrygasque
857 1589 889 1649 et
911 1583 1138 1670 Paphlagonas
1162 1585 1355 1670 appellatos,

331 1674 388 1758 qui
417 1695 483 1738 non
513 1675 726 1757 erubesceret,
758 1673 891 1739 Macedo
914 1677 1023 1758 natus,
1050 1673 1199 1738 homines
1222 1674 1356 1760 linguae

292 1772 408 1831 ssua'e
430 1786 487 1847 per
516 1762 725 1847 interpretem
749 1763 867 1827 audire.
914 1761 1010 1827 Nunc
1039 1785 1113 1827 eum
1136 1762 1355 1829 Hammonem

333 1852 458 1917 consuli
489 1852 584 1917 velle:
621 1856 655 1916 at
685 1853 820 1917 eundem
853 1849 939 1918 Iovis
970 1852 1113 1937 arguisse
1149 1853 1354 1917 mendacium
1371 1882 1395 1922 15

330 1940 550 2006 Alexandrum
573 1941 677 2006 filium
697 1943 910 2027 agnoscentis,
934 1940 1058 2007 scilicet
1076 1941 1223 2023 veritum,
1247 1964 1288 2006 ne
1308 1943 1356 2006 in-

292 2030 492 2099 ovidiosum
521 2034 618 2114 esset,
645 2031 733 2113 quod
760 2031 806 2094 dii
834 2031 994 2096 offerrent.
1042 2028 1123 2094 Cum
1147 2031 1356 2095 insidiaretur

332 2120 430 2203 capiti
453 2120 539 2205 regis
558 2124 591 2184 et
608 2120 712 2203 amici,
730 2142 797 2183 non
816 2120 1013 2185 consuluisse
1032 2141 1105 2184 eum
1118 2117 1244 2184 Iovem:
1268 2142 1357 2186 nunc

332 2209 373 2271 ad
396 2210 562 2274 oraculum
586 2208 723 2294 mittere,
746 2209 823 2272 dum
847 2213 939 2293 pater
962 2209 1030 2272 eius
1050 2208 1211 2292 sollicitet,
1235 2209 1356 2292 quibus

333 2299 453 2381 praesit
476 2299 511 2361 in
532 2297 647 2382 Media,
670 2302 703 2361 et
725 2298 872 2383 pecunia,
895 2298 986 2361 cuius
1010 2298 1157 2363 custodia
1180 2300 1356 2363 commissa
1371 2329 1398 2367 so

332 2386 388 2469 sit,
415 2386 558 2470 perditos
587 2386 735 2451 homines
758 2387 799 2451 ad
826 2388 1012 2453 societatem
1041 2386 1169 2451 sceleris
1197 2387 1355 2471 impellat.

293 2473 425 2559 rIpsos
453 2476 608 2541 missuros
637 2476 677 2540 ad
708 2476 889 2558 oraculum,
916 2497 981 2540 nou
1006 2476 1063 2560 qui
1085 2474 1193 2540 Iovem
1219 2476 1357 2541 interro·

335 2569 421 2652 gent,
445 2564 532 2649 quod
555 2587 594 2630 ex
616 2586 692 2651 rege
711 2566 931 2651 cognoverint,
954 2564 1009 2629 sed
1029 2566 1085 2647 qui
1103 2565 1222 2650 gratias
1247 2570 1357 2651 agant,

408 2766 420 2810 1
442 2759 553 2830 ordine]
573 2758 688 2812 *ordine
707 2764 734 2812 P.
810 2764 825 2811 2
845 2758 976 2841 audacia]
996 2758 1114 2812 audatia
1131 2764 1184 2812 LP.
1258 2759 1357 2813 admo-

329 2831 411 2901 nere]
431 2830 582 2884 admouere
600 2836 628 2883 P.
708 2836 724 2882 3
744 2828 922 2901 deversoriis]
942 2828 1105 2883 diuersoriis
1125 2834 1150 2882 0.
1232 2835 1249 2882 4
1269 2832 1357 2902 quae]

329 2918 404 2970 quas
423 2906 478 2955 Pv.
547 2901 736 2972 oservorum]
755 2917 902 2960 soruorum
921 2906 951 2956 V.
1017 2900 1158 2972 Philotae]
1177 2899 1314 2970 phylotae
1330 2911 1356 2956 c.

335 2979 351 3026 6
371 2973 545 3041 expulissent
558 2979 590 3026 P:
610 2972 764 3041 expulisset
779 2979 804 3026 c.
861 2980 875 3026 7
896 2972 1020 3044 stetisse]
1035 2972 1160 3026 stetisset
1174 2978 1194 3024 P
1208 2990 1242 3026 uc.
1253 2990 1299 3041 pr.

330 3060 368 3098 ac
386 3045 605 3100 Freinshemius:
639 3047 668 3098 at
691 3051 722 3097 Δ.
831 3043 984 3098 deversorii
1006 3045 1117 3113 scripsi:
1151 3042 1300 3099 diuersorii
1325 3051 1356 3098 Α.

330 3120 350 3169 v8
370 3115 536 3187 dispositos]
556 3116 681 3184 dispotos
700 3122 728 3170 P.
807 3120 971 3168 Psomnum
989 3121 1014 3168 1:
1035 3114 1174 3169 somnium
1192 3121 1222 3169 Α.
1297 3132 1357 3168 om-

334 3187 378 3241 nis
396 3194 428 3240 P:
448 3203 544 3241 omnes
564 3193 589 3241 c.
653 3187 794 3257 relegatos
812 3192 838 3240 1:
857 3186 992 3257 religatos
1011 3192 1041 3239 A.
1108 3192 1140 3239 12
1159 3184 1356 3257 Phrygasque]

329 3258 506 3329 phrigasque
521 3263 546 3312 0.
601 3257 811 3330 Paphlagonas]
826 3257 1021 3328 phaplagonas
1035 3264 1064 3325 P,
1078 3256 1312 3328 phaphalagonas
1327 3265 1357 3323 L,

337 3329 562 3398 phaphlalgonas
577 3335 607 3383 V.
664 3337 697 3383 14
715 3329 799 3384 Nunc
813 3346 877 3383 eum
892 3331 1048 3384 Bcutlcius:
1062 3345 1172 3383 mecum
1186 3335 1205 3381 1,
1220 3348 1254 3383 m.
1266 3346 1311 3399 pr.
1327 3336 1356 3396 P,

328 3416 434 3454 ⁴necum
453 3405 527 3453 ΠΙ.
541 3420 576 3455 m.
590 3418 639 3455 sec.
655 3406 685 3454 v.
748 3407 781 3454 15
801 3400 885 3456 velle:
906 3404 936 3454 at
953 3402 1064 3469 scripsi:
1083 3399 1172 3454 uellet
1185 3404 1216 3453 Δ.
1278 3417 1356 3455 men-

330 3472 460 3543 dacium]
483 3472 659 3526 mendatium
684 3477 763 3525 PLP.
875 3478 907 3526 16
934 3472 1117 3543 invidiosum]
1142 3471 1305 3525 inuidosum
1327 3479 1355 3525 L.

338 3548 369 3597 17
391 3542 534 3614 offerrent]
549 3543 666 3598 offerent
680 3550 708 3598 P.
765 3549 799 3597 19
818 3544 960 3609 sollicitet,
978 3544 1080 3611 quibus
1093 3544 1204 3611 scripsi:
1220 3541 1356 3597 sollicitet

336 3614 385 3682 qui
398 3621 427 3681 P,
442 3613 611 3669 sollicitetur
624 3616 674 3684 qui
691 3621 716 3669 c.
786 3621 820 3670 21
840 3615 1016 3686 societatem]
1037 3615 1199 3669 sotietatem
1213 3620 1241 3667 1..
1303 3615 1355 3668 im-

319 3685 436 3757 ·‘pellst]
456 3686 585 3754 impellet
599 3693 627 3755 L,
646 3689 713 3741 iuB
734 3703 751 3740 a
769 3704 803 3741 erc
821 3703 889 3741 corr.
963 3692 996 3739 22
1016 3703 1072 3740 non
1091 3686 1140 3754 qui
1158 3686 1251 3739 Iovem
1270 3686 1355 3740 inter-

333 3760 436 3827 rogent
456 3758 576 3813 Giuutc:
596 3758 645 3827 qui
664 3758 757 3812 iouem
775 3758 951 3827 interrogent
969 3774 1026 3812 non
1045 3763 1071 3825 0,
1090 3757 1139 3827 qui
1158 3758 1251 3811 iouem
1269 3758 1355 3818 inter-

334 3831 437 3899 rogent
454 3835 482 3883 P.
1262 3854 1264 3857 ’
