3150 4459
348 417 415 483 384
726 416 757 482 Q.
777 416 888 471 OURTI
906 417 994 473 RUFI

293 586 332 641 IX
417 579 481 646 Sed
498 583 562 646 iam
582 581 658 644 fatis
677 580 932 646 admovebantur
946 579 1158 645 Macedonum
1177 579 1268 665 genti
1287 579 1405 645 belial

349 670 468 736 civilia:
500 693 574 735 nam
605 673 637 733 et
668 669 855 735 insociabile
886 674 935 735 est
962 690 1098 755 regnum
1122 673 1158 733 'et
1181 691 1200 732 a
1222 669 1376 753 pluribus

311 775 327 823 a
347 764 442 843 expe
428 760 564 824 t.ebatur
605 757 752 823 Primum
775 780 853 845 ergo
877 760 1032 825 conlisere
1055 759 1149 841 vires,
1174 758 1289 823 deinde
1313 758 1378 823 dis·

346 852 600 934 perseruntzet
633 869 706 913 cum
738 847 887 931 pluribus
920 869 1051 933 corpus,
1089 870 1184 931 quam
1217 847 1378 932 capiebat,

347 941 542 1026 onerassent,
565 941 670 1001 cetera
693 937 837 1001 membra
860 938 994 1003 deficere
1014 939 1198 1021 coeperrmt,
1221 936 1378 1020 quodque

301 1004 356 1180 ς
347 1028 520 1111 imperium
552 1025 612 1091 sub
644 1048 709 1092 uno
743 1030 829 1090 stare
861 1027 1034 1110 potuisset,
1067 1025 1144 1090 dum
1176 1048 1195 1089 a
1223 1025 1377 1109 pluribus

347 1116 539 1199 sustinetur,
566 1115 639 1179 ruit.
687 1114 857 1180 Proinde
848 1136 918 1179 rure
941 1115 1121 1197 meritoque
1144 1115 1284 1198 populus
1310 1112 1378 1179 Ro·
1387 1174 1391 1181 .

346 1227 460 1270 manus
488 1206 625 1269 salutem
654 1225 687 1268 se
717 1204 856 1289 principi
880 1226 938 1270 suo
962 1203 1076 1268 debere
1099 1204 1285 1288 profitetur,
1318 1205 1377 1287 qui

346 1294 462 1376 noctis,
485 1316 581 1377 quam
604 1314 710 1377 paene
727 1315 766 1358 su
789 1316 910 1358 remam
933 1292 1115 1371 habuimus,
1139 1314 1259 1358 novum
1283 1292 1378 1357 sidus

310 1383 473 1448 4inluxit.
452 1381 639 1465 tHuius‚
671 1379 703 1444 h
785 1406 815 1464 e,
848 1404 914 1447 non
943 1382 1021 1446 solis
1050 1385 1140 1447 ortus
1168 1381 1273 1446 lucem
1298 1382 1405 1454 oali-1

347 1473 438 1558 genti
411 1471 609 1536 treddidit
631 1434 769 1552 inundo,
803 1493 877 1537 cum
905 1472 974 1535 sine
1002 1492 1060 1535 suo
1085 1471 1190 1555 capite
1214 1470 1379 1535 discordia

311 1561 537 1625 emembrat
523 1559 729 1644 trepidarent.
791 1558 878 1636 Quot
909 1561 1068 1624 illetum
1100 1560 1241 1624 extinxit
1271 1560 1377 1626 faces!

347 1654 428 1734 quot
450 1649 593 1713 condidit
579 1649 756 1733 tgladiosl
782 1652 934 1732 quantam
956 1652 1179 1732 tempestatem
1199 1648 1307 1714 subita
1327 1670 1377 1713 se·

345 1740 482 1803 renitate
502 1738 664 1803 discussit!
638 1736 720 1802 N
722 1760 764 1802 on
783 1760 861 1823 ergo
880 1738 1046 1802 revirescit
1061 1738 1181 1843 solum]
1198 1739 1254 1802 sed
1273 1739 1377 1802 etiam

311 1828 482 1892 ofloret
472 1828 652 1911 imperium.
700 1825 798 1893 Absit
823 1828 920 1892 modo
944 1821 1079 1911 invidia,
1112 1826 1251 1910 excipiet
1274 1826 1404 1893 huiusi

267 1933 305 2008 ἰ
347 1916 503 1982 saeculit
489 1921 636 2001 tempora
657 1916 800 1981 eiusdem
819 1917 991 1981 domusut
977 1915 1079 1980 tinam
1097 1920 1261 2000 perpetua,
1286 1921 1376 1982 certe

175 2018 178 2029 '
305 2007 499 2070 diuturna
523 2005 704 2089 posteritas.

312 2111 326 2158 7
414 2094 472 2158 Oet
458 2098 578 2177 terum,
608 2099 645 2158 ut
631 2094 715 2158 tad
745 2095 904 2176 ordinem,
934 2116 1040 2177 aquo
1064 2117 1115 2158 me
1139 2068 1375 2177 contemplatio

345 2183 496 2269 publicae
519 2145 622 2248 felicit
608 2185 685 2248 tatis
709 2186 883 2267 averterat
856 2183 1044 2266 tredeam,
1068 2182 1220 2247 Perdicca
1243 2182 1376 2247 unicam

347 2295 436 2356 spem
460 2273 555 2336 salut
532 2277 574 2336 tls
594 2295 670 2336 suae
688 2274 721 2336 in
741 2235 897 2357 Meleagii
916 2276 1020 2337 morte
1038 2272 1227 2356 reponebat:
1252 2295 1375 2336 vanum
1391 2300 1405 2338 a

347 2362 482 2426 eundem
513 2365 544 2424 et
568 2362 703 2426 infidum
728 2362 937 2444 celeriterque
960 2383 1010 2425 res
1034 2365 1229 2425 novaturum
1253 2365 1286 2424 et
1310 2362 1375 2426 sibi

311 2452 484 2515 8maxime
508 2450 660 2514 infestum
685 2452 906 2533 occupandum
931 2472 1007 2515 esse.
1055 2448 1118 2514 Sed
1139 2450 1205 2513 alta
1224 2449 1375 2513 dissimu-

345 2540 467 2604 latione
499 2540 669 2603 eonsilium
699 2540 877 2623 premebat,
909 2543 947 2604 ιιι
975 2540 1171 2624 opprimeret
1197 2541 1374 2603 incautum.

346 2629 435 2715 Ergo
460 2628 542 2693 clam
567 2629 723 2730 quosdam
748 2650 787 2691 ex
811 2630 927 2712 copiis,
960 2628 1077 2711 quibus
1105 2631 1264 2712 praeerat
1298 2628 1374 2693 sub-

333 2718 486 2802 ornavit,
507 2722 556 2800 ut,
575 2719 718 2870 quasito
686 2718 878 2780 innoraret
870 2739 952 2800 ipse,
973 2722 1244 2800 conquererentur
1262 2718 1373 2799 palam
1389 2744 1405 2783 a

311 2822 326 2870 9
346 2770 545 2893 Meleagium
569 2811 741 2890 aequatum
760 2828 830 2870 esse
845 2805 1022 2871 Perdiccae.
1061 2805 1203 2883 Quorum
1224 2827 1374 2871 sermone

346 2896 507 3027 Meleager
531 2896 570 2959 ad
594 2918 628 2959 se
651 2896 753 2960 relato
777 2895 919 2959 furens
911 2918 959 2959 rra
982 2895 1159 2979 Perdiccae,
1190 2916 1272 2978 quae
1297 2916 1373 2960 con-

420 3096 433 3141 1
454 3088 496 3141 fat
485 3089 534 3160 tis]
553 3090 626 3143 fatas
647 3096 711 3142 snt
721 3107 766 3157 pr.
841 3088 937 3212 bella]
948 3087 1013 3142 bela
1027 3095 1054 3142 1.
1129 3096 1144 3142 2
1160 3087 1267 3158 ervilra]
1283 3087 1373 3142 ciuila

347 3167 415 3214 sm.
427 3178 471 3228 pr.
564 3160 795 3230 3expetebatur]
817 3163 918 3228 expete
939 3164 1003 3212 atur
1022 3167 1046 3212 s.
1125 3158 1305 3230 lcapiebat]
1326 3175 1373 3212 ca·

345 3231 463 3299 piabant
486 3239 511 3285 c.
595 3238 610 3284 5
635 3232 809 3301 onerassent]
835 3234 1003 3285 oneransent
1021 3236 1050 3284 r.
1133 3229 1270 3300 membra]
1293 3247 1372 3283 men-

346 3304 397 3357 bra
417 3310 441 3355 s.
520 3303 634 3374 edum]
655 3306 683 3356 et
702 3303 768 3356 dum
788 3310 812 3355 s.
893 3303 990 3373 8qui]
1011 3302 1056 3356 cui
1076 3308 1100 3353 c.
1181 3307 1213 3354 12
1231 3300 1371 3373 membra]

346 3375 462 3427 menbra
482 3381 506 3428 s.
576 3373 661 3445 Quot]
681 3375 758 3442 quod
776 3379 806 3427 V.
877 3373 1009 3444 extinxit]
1030 3372 1166 3427 extincxit
1184 3377 1215 3426 V.
1280 3372 1371 3443 faces]

347 3444 433 3499 facies
454 3453 477 3498 s.
580 3451 612 3498 13
632 3446 712 3516 quot]
733 3446 809 3513 qnod
828 3451 858 3499 V.
959 3451 991 3497 16
1011 3444 1159 3515 perpetua]
1179 3459 1320 3511 perpecua
1338 3449 1371 3497 V.

350 3523 382 3570 18
403 3517 616 3587 contemplatio]
644 3517 849 3584 contemplaeio
868 3522 898 3569 V.
1010 3523 1042 3569 19
1063 3515 1212 3585 averterat]
1234 3517 1330 3568 auerte
1350 3521 1372 3567 F

346 3606 380 3641 m.
396 3605 441 3655 pr.
534 3588 679 3659 Perdicca]
703 3589 819 3656 perdica
837 3594 890 3639 rt.
984 3593 1017 3641 20
1041 3586 1195 3655 reponebat
1218 3587 1369 3640 Heinsius:

347 3658 507 3727 deponebat
525 3664 556 3713 Δ.
648 3666 681 3712 22
702 3660 761 3712 alta
781 3660 903 3714 Giaata:
923 3658 980 3711 alia
998 3663 1029 3711 Δ.
1116 3664 1150 3711 25
1170 3673 1371 3725 conquereren-

346 3732 393 3783 tur
410 3737 436 3783 1:
463 3734 719 3799 quaequererentnr
744 3735 826 3796 ΒΝ,
852 3733 1094 3798 quaquererentur
1111 3735 1144 3796 L,
1171 3728 1371 3797 quiquoreren-

347 3804 394 3853 tur
411 3807 441 3853 V.
