<?xml version="1.0" encoding="UTF-8"?>
<!DOCTYPE html PUBLIC "-//W3C//DTD XHTML 1.0 Transitional//EN"
    "http://www.w3.org/TR/xhtml1/DTD/xhtml1-transitional.dtd">
<html xmlns="http://www.w3.org/1999/xhtml" xml:lang="en" lang="en">
 <head>
  <title>
</title>
<meta http-equiv="Content-Type" content="text/html;charset=utf-8" />
  <meta name='ocr-system' content='tesseract 3.04.00' />
  <meta name='ocr-capabilities' content='ocr_page ocr_carea ocr_par ocr_line ocrx_word'/>
</head>
<body>
  <div class='ocr_page' id='page_1' title='image "./qcurtirufihisto01rufugoog_0191.png"; bbox 0 0 3150 4459; ppageno 0'>
   <div class='ocr_carea' id='block_1_1' title="bbox 490 440 1297 509">
    <p class='ocr_par' dir='ltr' id='par_1_1' title="bbox 490 440 1297 509">
     <span class='ocr_line' id='line_1_1' title="bbox 490 440 1297 509; baseline 0.009 -15"><span class='ocrx_word' id='word_1_1' title='bbox 490 440 743 495; x_wconf 79' lang='lat' dir='ltr'><strong>HlSTOltlARUM</strong></span> <span class='ocrx_word' id='word_1_2' title='bbox 761 440 977 496; x_wconf 75' lang='lat' dir='ltr'><strong>ALEXANDRI</strong></span> <span class='ocrx_word' id='word_1_3' title='bbox 995 442 1041 509; x_wconf 72' lang='lat' dir='ltr'><strong>VI,</strong></span> <span class='ocrx_word' id='word_1_4' title='bbox 1062 449 1085 497; x_wconf 87' lang='grc'><strong>6.</strong></span> <span class='ocrx_word' id='word_1_5' title='bbox 1235 442 1297 507; x_wconf 77' lang='grc'><strong>173</strong></span> 
     </span>
    </p>
   </div>
   <div class='ocr_carea' id='block_1_2' title="bbox 235 604 1355 3275">
    <p class='ocr_par' dir='ltr' id='par_1_2' title="bbox 235 604 1352 1938">
     <span class='ocr_line' id='line_1_2' title="bbox 273 604 1297 689; baseline 0 -19"><span class='ocrx_word' id='word_1_6' title='bbox 273 608 389 670; x_wconf 90' lang='lat' dir='ltr'><strong>teriam</strong></span> <span class='ocrx_word' id='word_1_7' title='bbox 414 604 571 671; x_wconf 72' lang='lat' dir='ltr'>ceciderat</span> <span class='ocrx_word' id='word_1_8' title='bbox 594 604 686 669; x_wconf 88' lang='lat' dir='ltr'><strong>miles</strong></span> <span class='ocrx_word' id='word_1_9' title='bbox 710 605 835 669; x_wconf 91' lang='lat' dir='ltr'><strong>aditum</strong></span> <span class='ocrx_word' id='word_1_10' title='bbox 858 628 915 689; x_wconf 92' lang='lat' dir='ltr'><strong>per</strong></span> <span class='ocrx_word' id='word_1_11' title='bbox 938 628 1015 670; x_wconf 86' lang='lat' dir='ltr'><strong>saxa</strong></span> <span class='ocrx_word' id='word_1_12' title='bbox 1036 607 1177 670; x_wconf 91' lang='lat' dir='ltr'><strong>molitus.</strong></span> <span class='ocrx_word' id='word_1_13' title='bbox 1208 605 1297 671; x_wconf 89' lang='lat' dir='ltr'><strong>Haeo</strong></span> 
     </span>
     <span class='ocr_line' id='line_1_3' title="bbox 275 695 1350 780; baseline 0.001 -20"><span class='ocrx_word' id='word_1_14' title='bbox 275 718 395 779; x_wconf 87' lang='lat' dir='ltr'><strong>vapore</strong></span> <span class='ocrx_word' id='word_1_15' title='bbox 413 695 537 758; x_wconf 88' lang='lat' dir='ltr'><strong>torrida</strong></span> <span class='ocrx_word' id='word_1_16' title='bbox 551 695 681 758; x_wconf 88' lang='lat' dir='ltr'><strong>flamma</strong></span> <span class='ocrx_word' id='word_1_17' title='bbox 695 698 828 759; x_wconf 76' lang='lat' dir='ltr'><strong>arserat:</strong></span> <span class='ocrx_word' id='word_1_18' title='bbox 849 716 926 780; x_wconf 88' lang='lat' dir='ltr'><strong>ergo</strong></span> <span class='ocrx_word' id='word_1_19' title='bbox 941 695 1053 780; x_wconf 84' lang='lat' dir='ltr'><strong>adgeri</strong></span> <span class='ocrx_word' id='word_1_20' title='bbox 1067 695 1146 759; x_wconf 89' lang='lat' dir='ltr'><strong>alias</strong></span> <span class='ocrx_word' id='word_1_21' title='bbox 1167 695 1297 760; x_wconf 87' lang='lat' dir='ltr'><strong>arbores</strong></span> <span class='ocrx_word' id='word_1_22' title='bbox 1317 714 1350 761; x_wconf 77' lang='lat'><strong>29</strong></span> 
     </span>
     <span class='ocr_line' id='line_1_4' title="bbox 275 783 1323 869; baseline 0 -20"><span class='ocrx_word' id='word_1_23' title='bbox 275 787 366 850; x_wconf 88' lang='lat' dir='ltr'><strong>iubet</strong></span> <span class='ocrx_word' id='word_1_24' title='bbox 390 789 422 848; x_wconf 92' lang='lat' dir='ltr'><strong>et</strong></span> <span class='ocrx_word' id='word_1_25' title='bbox 445 784 515 869; x_wconf 83' lang='lat' dir='ltr'>igni</span> <span class='ocrx_word' id='word_1_26' title='bbox 539 783 607 847; x_wconf 87' lang='lat' dir='ltr'><strong>dari</strong></span> <span class='ocrx_word' id='word_1_27' title='bbox 630 783 791 868; x_wconf 86' lang='lat' dir='ltr'><strong>alimenta,</strong></span> <span class='ocrx_word' id='word_1_28' title='bbox 821 784 1029 867; x_wconf 70' lang='lat' dir='ltr'><strong>celeriterque</strong></span> <span class='ocrx_word' id='word_1_29' title='bbox 1054 783 1222 869; x_wconf 90' lang='lat' dir='ltr'><strong>stipitibus</strong></span> <span class='ocrx_word' id='word_1_30' title='bbox 1246 805 1323 849; x_wconf 55' lang='lat' dir='ltr'><strong>cuv</strong></span> 
     </span>
     <span class='ocr_line' id='line_1_5' title="bbox 276 873 1352 958; baseline 0.004 -21"><span class='ocrx_word' id='word_1_31' title='bbox 276 873 408 938; x_wconf 89' lang='lat' dir='ltr'><strong>mulatis</strong></span> <span class='ocrx_word' id='word_1_32' title='bbox 436 873 603 958; x_wconf 82' lang='lat' dir='ltr'><strong>fastigium</strong></span> <span class='ocrx_word' id='word_1_33' title='bbox 631 874 751 937; x_wconf 88' lang='lat' dir='ltr'><strong>montis</strong></span> <span class='ocrx_word' id='word_1_34' title='bbox 779 876 954 956; x_wconf 89' lang='lat' dir='ltr'><strong>aequatum</strong></span> <span class='ocrx_word' id='word_1_35' title='bbox 984 878 1041 937; x_wconf 90' lang='lat' dir='ltr'><strong>est.</strong></span> <span class='ocrx_word' id='word_1_36' title='bbox 1088 874 1179 939; x_wconf 85' lang='lat' dir='ltr'><strong>Tunc</strong></span> <span class='ocrx_word' id='word_1_37' title='bbox 1207 874 1297 939; x_wconf 92' lang='lat' dir='ltr'><strong>undi·</strong></span> <span class='ocrx_word' id='word_1_38' title='bbox 1317 887 1352 941; x_wconf 80' lang='lat'><strong>30</strong></span> 
     </span>
     <span class='ocr_line' id='line_1_6' title="bbox 246 962 1298 1048; baseline 0.002 -23"><span class='ocrx_word' id='word_1_39' title='bbox 246 986 338 1047; x_wconf 74' lang='lat' dir='ltr'><strong>5que</strong></span> <span class='ocrx_word' id='word_1_40' title='bbox 362 963 448 1048; x_wconf 87' lang='lat' dir='ltr'><strong>ignis</strong></span> <span class='ocrx_word' id='word_1_41' title='bbox 471 963 607 1026; x_wconf 87' lang='lat' dir='ltr'><strong>iniectus</strong></span> <span class='ocrx_word' id='word_1_42' title='bbox 636 966 751 1027; x_wconf 89' lang='lat' dir='ltr'><strong>cuncta</strong></span> <span class='ocrx_word' id='word_1_43' title='bbox 774 962 1015 1047; x_wconf 69' lang='lat' dir='ltr'><strong>conprehendit.</strong></span> <span class='ocrx_word' id='word_1_44' title='bbox 1061 962 1239 1028; x_wconf 77' lang='lat' dir='ltr'><strong>Flammam</strong></span> <span class='ocrx_word' id='word_1_45' title='bbox 1264 964 1298 1027; x_wconf 92' lang='lat' dir='ltr'><strong>in</strong></span> 
     </span>
     <span class='ocr_line' id='line_1_7' title="bbox 276 1051 1299 1138; baseline 0 -22"><span class='ocrx_word' id='word_1_46' title='bbox 276 1073 333 1116; x_wconf 88' lang='lat' dir='ltr'><strong>ora</strong></span> <span class='ocrx_word' id='word_1_47' title='bbox 362 1052 507 1116; x_wconf 90' lang='lat' dir='ltr'><strong>hostium</strong></span> <span class='ocrx_word' id='word_1_48' title='bbox 530 1055 644 1115; x_wconf 90' lang='lat' dir='ltr'><strong>ventus</strong></span> <span class='ocrx_word' id='word_1_49' title='bbox 669 1051 807 1135; x_wconf 85' lang='lat' dir='ltr'><strong>ferebat,</strong></span> <span class='ocrx_word' id='word_1_50' title='bbox 831 1053 940 1117; x_wconf 87' lang='lat' dir='ltr'><strong>furnus</strong></span> <span class='ocrx_word' id='word_1_51' title='bbox 963 1053 1079 1138; x_wconf 90' lang='lat' dir='ltr'><strong>ingens</strong></span> <span class='ocrx_word' id='word_1_52' title='bbox 1111 1052 1200 1116; x_wconf 87' lang='lat' dir='ltr'><strong>velut</strong></span> <span class='ocrx_word' id='word_1_53' title='bbox 1224 1075 1299 1136; x_wconf 88' lang='lat' dir='ltr'><strong>qua-</strong></span> 
     </span>
     <span class='ocr_line' id='line_1_8' title="bbox 276 1140 1350 1207; baseline 0.001 -1"><span class='ocrx_word' id='word_1_54' title='bbox 276 1142 349 1206; x_wconf 92' lang='lat' dir='ltr'><strong>dam</strong></span> <span class='ocrx_word' id='word_1_55' title='bbox 372 1140 459 1205; x_wconf 90' lang='lat' dir='ltr'><strong>nube</strong></span> <span class='ocrx_word' id='word_1_56' title='bbox 482 1140 691 1204; x_wconf 88' lang='lat' dir='ltr'><strong>absconderat</strong></span> <span class='ocrx_word' id='word_1_57' title='bbox 714 1140 846 1205; x_wconf 85' lang='lat' dir='ltr'><strong>caelum.</strong></span> <span class='ocrx_word' id='word_1_58' title='bbox 884 1140 1049 1207; x_wconf 77' lang='lat' dir='ltr'><strong>Sonabant</strong></span> <span class='ocrx_word' id='word_1_59' title='bbox 1073 1141 1223 1206; x_wconf 92' lang='lat' dir='ltr'><strong>incendio</strong></span> <span class='ocrx_word' id='word_1_60' title='bbox 1247 1142 1298 1207; x_wconf 93' lang='lat' dir='ltr'><strong>sil·</strong></span> <span class='ocrx_word' id='word_1_61' title='bbox 1319 1159 1350 1207; x_wconf 86' lang='lat'><strong>31</strong></span> 
     </span>
     <span class='ocr_line' id='line_1_9' title="bbox 276 1230 1298 1314; baseline 0 -19"><span class='ocrx_word' id='word_1_62' title='bbox 276 1252 343 1310; x_wconf 84' lang='lat' dir='ltr'><strong>vae,</strong></span> <span class='ocrx_word' id='word_1_63' title='bbox 367 1233 464 1313; x_wconf 88' lang='lat' dir='ltr'><strong>atque</strong></span> <span class='ocrx_word' id='word_1_64' title='bbox 488 1252 525 1293; x_wconf 91' lang='lat' dir='ltr'><strong>ea</strong></span> <span class='ocrx_word' id='word_1_65' title='bbox 548 1252 685 1314; x_wconf 91' lang='lat' dir='ltr'><strong>quoque,</strong></span> <span class='ocrx_word' id='word_1_66' title='bbox 709 1251 790 1313; x_wconf 89' lang='lat' dir='ltr'><strong>quae</strong></span> <span class='ocrx_word' id='word_1_67' title='bbox 811 1251 877 1294; x_wconf 91' lang='lat' dir='ltr'><strong>non</strong></span> <span class='ocrx_word' id='word_1_68' title='bbox 896 1230 1082 1295; x_wconf 73' lang='lat' dir='ltr'><strong>incenderat</strong></span> <span class='ocrx_word' id='word_1_69' title='bbox 1101 1230 1203 1314; x_wconf 91' lang='lat' dir='ltr'><strong>miles,</strong></span> <span class='ocrx_word' id='word_1_70' title='bbox 1226 1252 1298 1296; x_wconf 89' lang='lat' dir='ltr'><strong>oon-</strong></span> 
     </span>
     <span class='ocr_line' id='line_1_10' title="bbox 277 1319 1299 1405; baseline 0.001 -22"><span class='ocrx_word' id='word_1_71' title='bbox 277 1323 369 1404; x_wconf 89' lang='lat' dir='ltr'><strong>cepto</strong></span> <span class='ocrx_word' id='word_1_72' title='bbox 394 1319 469 1405; x_wconf 83' lang='lat' dir='ltr'><strong>igne</strong></span> <span class='ocrx_word' id='word_1_73' title='bbox 492 1319 641 1401; x_wconf 88' lang='lat' dir='ltr'><strong>proxima</strong></span> <span class='ocrx_word' id='word_1_74' title='bbox 666 1340 813 1402; x_wconf 90' lang='lat' dir='ltr'><strong>quaeque</strong></span> <span class='ocrx_word' id='word_1_75' title='bbox 836 1319 1022 1384; x_wconf 90' lang='lat' dir='ltr'><strong>adurebant.</strong></span> <span class='ocrx_word' id='word_1_76' title='bbox 1063 1320 1200 1384; x_wconf 88' lang='lat' dir='ltr'><strong>Barbari</strong></span> <span class='ocrx_word' id='word_1_77' title='bbox 1224 1342 1299 1405; x_wconf 79' lang='lat' dir='ltr'><strong>sup-</strong></span> 
     </span>
     <span class='ocr_line' id='line_1_11' title="bbox 235 1405 1299 1495; baseline -0.003 -19"><span class='ocrx_word' id='word_1_78' title='bbox 235 1439 263 1479; x_wconf 78' lang='lat' dir='ltr'><strong>ro</strong></span> <span class='ocrx_word' id='word_1_79' title='bbox 275 1409 448 1494; x_wconf 88' lang='lat' dir='ltr'><strong>pliciorum</strong></span> <span class='ocrx_word' id='word_1_80' title='bbox 466 1408 627 1492; x_wconf 89' lang='lat' dir='ltr'><strong>ultimum,</strong></span> <span class='ocrx_word' id='word_1_81' title='bbox 646 1408 674 1472; x_wconf 93' lang='lat' dir='ltr'><strong>si</strong></span> <span class='ocrx_word' id='word_1_82' title='bbox 689 1430 752 1491; x_wconf 91' lang='lat' dir='ltr'><strong>qua</strong></span> <span class='ocrx_word' id='word_1_83' title='bbox 765 1409 1031 1474; x_wconf 85' lang='lat' dir='ltr'><strong>intermoreretur</strong></span> <span class='ocrx_word' id='word_1_84' title='bbox 1045 1410 1139 1495; x_wconf 85' lang='lat' dir='ltr'><strong>ignis,</strong></span> <span class='ocrx_word' id='word_1_85' title='bbox 1159 1405 1299 1495; x_wconf 88' lang='lat' dir='ltr'><strong>effugere</strong></span> 
     </span>
     <span class='ocr_line' id='line_1_12' title="bbox 276 1497 1299 1584; baseline -0.001 -21"><span class='ocrx_word' id='word_1_86' title='bbox 276 1499 492 1581; x_wconf 81' lang='lat' dir='ltr'><strong>temptabant,</strong></span> <span class='ocrx_word' id='word_1_87' title='bbox 520 1498 589 1581; x_wconf 90' lang='lat' dir='ltr'><strong>sed,</strong></span> <span class='ocrx_word' id='word_1_88' title='bbox 624 1519 688 1579; x_wconf 91' lang='lat' dir='ltr'><strong>qua</strong></span> <span class='ocrx_word' id='word_1_89' title='bbox 720 1498 851 1562; x_wconf 91' lang='lat' dir='ltr'><strong>flamma</strong></span> <span class='ocrx_word' id='word_1_90' title='bbox 881 1497 1011 1563; x_wconf 89' lang='lat' dir='ltr'><strong>dederat</strong></span> <span class='ocrx_word' id='word_1_91' title='bbox 1040 1500 1162 1582; x_wconf 91' lang='lat' dir='ltr'><strong>locum,</strong></span> <span class='ocrx_word' id='word_1_92' title='bbox 1194 1498 1299 1584; x_wconf 90' lang='lat' dir='ltr'><strong>hostis</strong></span> 
     </span>
     <span class='ocr_line' id='line_1_13' title="bbox 278 1586 1352 1672; baseline 0.001 -21"><span class='ocrx_word' id='word_1_93' title='bbox 278 1587 436 1651; x_wconf 83' lang='lat' dir='ltr'><strong>obstabat.</strong></span> <span class='ocrx_word' id='word_1_94' title='bbox 482 1586 581 1651; x_wconf 91' lang='lat' dir='ltr'><strong>Varia</strong></span> <span class='ocrx_word' id='word_1_95' title='bbox 611 1586 713 1671; x_wconf 88' lang='lat' dir='ltr'><strong>igitur</strong></span> <span class='ocrx_word' id='word_1_96' title='bbox 741 1586 836 1651; x_wconf 89' lang='lat' dir='ltr'><strong>caede</strong></span> <span class='ocrx_word' id='word_1_97' title='bbox 863 1587 1046 1672; x_wconf 84' lang='lat' dir='ltr'><strong>consumpti</strong></span> <span class='ocrx_word' id='word_1_98' title='bbox 1073 1592 1161 1653; x_wconf 92' lang='lat' dir='ltr'><strong>sunt:</strong></span> <span class='ocrx_word' id='word_1_99' title='bbox 1187 1588 1242 1651; x_wconf 92' lang='lat' dir='ltr'><strong>alii</strong></span> <span class='ocrx_word' id='word_1_100' title='bbox 1266 1587 1300 1651; x_wconf 93' lang='lat' dir='ltr'><strong>in</strong></span> <span class='ocrx_word' id='word_1_101' title='bbox 1319 1604 1352 1652; x_wconf 77' lang='grc'><strong>11</strong></span> 
     </span>
     <span class='ocr_line' id='line_1_14' title="bbox 277 1675 1299 1761; baseline 0.001 -21"><span class='ocrx_word' id='word_1_102' title='bbox 277 1676 401 1740; x_wconf 87' lang='lat' dir='ltr'><strong>medios</strong></span> <span class='ocrx_word' id='word_1_103' title='bbox 425 1676 520 1761; x_wconf 85' lang='lat' dir='ltr'><strong>ignis,</strong></span> <span class='ocrx_word' id='word_1_104' title='bbox 546 1675 601 1740; x_wconf 91' lang='lat' dir='ltr'><strong>alii</strong></span> <span class='ocrx_word' id='word_1_105' title='bbox 623 1678 724 1760; x_wconf 87' lang='lat' dir='ltr'><strong>petris</strong></span> <span class='ocrx_word' id='word_1_106' title='bbox 748 1676 1001 1761; x_wconf 83' lang='lat' dir='ltr'><strong>praecipitavere</strong></span> <span class='ocrx_word' id='word_1_107' title='bbox 1024 1698 1067 1759; x_wconf 87' lang='lat' dir='ltr'><strong>se,</strong></span> <span class='ocrx_word' id='word_1_108' title='bbox 1091 1677 1220 1760; x_wconf 89' lang='lat' dir='ltr'><strong>quidam</strong></span> <span class='ocrx_word' id='word_1_109' title='bbox 1244 1676 1299 1741; x_wconf 93' lang='lat' dir='ltr'><strong>ho·</strong></span> 
     </span>
     <span class='ocr_line' id='line_1_15' title="bbox 277 1764 1332 1848; baseline 0.002 -19"><span class='ocrx_word' id='word_1_110' title='bbox 277 1768 376 1829; x_wconf 90' lang='lat' dir='ltr'><strong>stium</strong></span> <span class='ocrx_word' id='word_1_111' title='bbox 397 1764 545 1828; x_wconf 90' lang='lat' dir='ltr'><strong>manibus</strong></span> <span class='ocrx_word' id='word_1_112' title='bbox 565 1764 763 1848; x_wconf 85' lang='lat' dir='ltr'><strong>obtulerunt,</strong></span> <span class='ocrx_word' id='word_1_113' title='bbox 788 1766 882 1848; x_wconf 91' lang='lat' dir='ltr'><strong>pauci</strong></span> <span class='ocrx_word' id='word_1_114' title='bbox 906 1767 1109 1831; x_wconf 87' lang='lat' dir='ltr'><strong>semustulati</strong></span> <span class='ocrx_word' id='word_1_115' title='bbox 1131 1787 1245 1831; x_wconf 85' lang='lat' dir='ltr'><strong>venere</strong></span> <span class='ocrx_word' id='word_1_116' title='bbox 1265 1767 1300 1831; x_wconf 91' lang='lat' dir='ltr'><strong>in</strong></span> <span class='ocrx_word' id='word_1_117' title='bbox 1330 1776 1332 1779; x_wconf 52' lang='lat'><strong>⁴</strong></span> 
     </span>
     <span class='ocr_line' id='line_1_16' title="bbox 236 1859 479 1938; baseline -0.021 -15"><span class='ocrx_word' id='word_1_118' title='bbox 236 1883 263 1925; x_wconf 82' lang='lat'><strong>1⁵</strong></span> <span class='ocrx_word' id='word_1_119' title='bbox 277 1859 479 1938; x_wconf 87' lang='lat' dir='ltr'><strong>potestatem.</strong></span> 
     </span>
    </p>

    <p class='ocr_par' dir='ltr' id='par_1_3' title="bbox 237 1941 1354 2296">
     <span class='ocr_line' id='line_1_17' title="bbox 237 1941 1353 2027; baseline 0.004 -21"><span class='ocrx_word' id='word_1_120' title='bbox 237 1950 286 2006; x_wconf 27' lang='lat'><strong>24*</strong></span> <span class='ocrx_word' id='word_1_121' title='bbox 345 1942 431 2006; x_wconf 86' lang='lat' dir='ltr'><strong>Hinc</strong></span> <span class='ocrx_word' id='word_1_122' title='bbox 454 1944 493 2006; x_wconf 91' lang='lat' dir='ltr'><strong>ad</strong></span> <span class='ocrx_word' id='word_1_123' title='bbox 518 1941 700 2026; x_wconf 81' lang='lat' dir='ltr'><strong>Craterum,</strong></span> <span class='ocrx_word' id='word_1_124' title='bbox 729 1944 785 2027; x_wconf 92' lang='lat' dir='ltr'><strong>qui</strong></span> <span class='ocrx_word' id='word_1_125' title='bbox 809 1942 970 2009; x_wconf 86' lang='lat' dir='ltr'><strong>Artacana</strong></span> <span class='ocrx_word' id='word_1_126' title='bbox 998 1944 1180 2027; x_wconf 90' lang='lat' dir='ltr'><strong>obsidebat,</strong></span> <span class='ocrx_word' id='word_1_127' title='bbox 1208 1945 1299 2010; x_wconf 90' lang='lat' dir='ltr'><strong>redit.</strong></span> <span class='ocrx_word' id='word_1_128' title='bbox 1319 1962 1353 2010; x_wconf 78' lang='lat'><strong>33</strong></span> 
     </span>
     <span class='ocr_line' id='line_1_18' title="bbox 278 2031 1300 2118; baseline 0.002 -23"><span class='ocrx_word' id='word_1_129' title='bbox 278 2031 337 2096; x_wconf 93' lang='lat' dir='ltr'><strong>Ille</strong></span> <span class='ocrx_word' id='word_1_130' title='bbox 371 2033 520 2096; x_wconf 91' lang='lat' dir='ltr'><strong>omnibus</strong></span> <span class='ocrx_word' id='word_1_131' title='bbox 552 2034 753 2116; x_wconf 91' lang='lat' dir='ltr'><strong>praeparatis</strong></span> <span class='ocrx_word' id='word_1_132' title='bbox 783 2032 870 2118; x_wconf 87' lang='lat' dir='ltr'><strong>regis</strong></span> <span class='ocrx_word' id='word_1_133' title='bbox 907 2035 1098 2118; x_wconf 84' lang='lat' dir='ltr'><strong>expectabat</strong></span> <span class='ocrx_word' id='word_1_134' title='bbox 1127 2034 1300 2097; x_wconf 87' lang='lat' dir='ltr'><strong>adventum</strong></span> 
     </span>
     <span class='ocr_line' id='line_1_19' title="bbox 279 2120 1354 2209; baseline 0.002 -22"><span class='ocrx_word' id='word_1_135' title='bbox 279 2125 390 2205; x_wconf 85' lang='lat' dir='ltr'><strong>captae</strong></span> <span class='ocrx_word' id='word_1_136' title='bbox 413 2122 505 2194; x_wconf 88' lang='lat' dir='ltr'><strong>urbis</strong></span> <span class='ocrx_word' id='word_1_137' title='bbox 527 2121 633 2203; x_wconf 79' lang='lat' dir='ltr'><strong>titula,</strong></span> <span class='ocrx_word' id='word_1_138' title='bbox 657 2122 741 2186; x_wconf 89' lang='lat' dir='ltr'><strong>siout</strong></span> <span class='ocrx_word' id='word_1_139' title='bbox 766 2145 826 2205; x_wconf 94' lang='lat' dir='ltr'><strong>par</strong></span> <span class='ocrx_word' id='word_1_140' title='bbox 844 2126 921 2206; x_wconf 88' lang='lat' dir='ltr'><strong>erat,</strong></span> <span class='ocrx_word' id='word_1_141' title='bbox 946 2123 1068 2188; x_wconf 86' lang='lat' dir='ltr'><strong>cedens.</strong></span> <span class='ocrx_word' id='word_1_142' title='bbox 1107 2120 1213 2209; x_wconf 84' lang='lat' dir='ltr'><strong>Igitur</strong></span> <span class='ocrx_word' id='word_1_143' title='bbox 1227 2120 1300 2187; x_wconf 79' lang='lat' dir='ltr'><strong>Ale</strong></span> <span class='ocrx_word' id='word_1_144' title='bbox 1320 2140 1354 2189; x_wconf 70' lang='lat'><strong>34</strong></span> 
     </span>
     <span class='ocr_line' id='line_1_20' title="bbox 279 2211 1301 2296; baseline 0.002 -21"><span class='ocrx_word' id='word_1_145' title='bbox 279 2211 400 2275; x_wconf 88' lang='lat' dir='ltr'><strong>xander</strong></span> <span class='ocrx_word' id='word_1_146' title='bbox 423 2215 527 2274; x_wconf 86' lang='lat' dir='ltr'><strong>turres</strong></span> <span class='ocrx_word' id='word_1_147' title='bbox 546 2211 710 2275; x_wconf 81' lang='lat' dir='ltr'><strong>admoveri</strong></span> <span class='ocrx_word' id='word_1_148' title='bbox 729 2211 832 2276; x_wconf 89' lang='lat' dir='ltr'><strong>iubet:</strong></span> <span class='ocrx_word' id='word_1_149' title='bbox 856 2212 992 2295; x_wconf 84' lang='lat' dir='ltr'><strong>ipsoque</strong></span> <span class='ocrx_word' id='word_1_150' title='bbox 1015 2214 1148 2296; x_wconf 89' lang='lat' dir='ltr'><strong>aspectu</strong></span> <span class='ocrx_word' id='word_1_151' title='bbox 1172 2212 1301 2277; x_wconf 91' lang='lat' dir='ltr'><strong>barbari</strong></span> 
     </span>
    </p>

    <p class='ocr_par' dir='ltr' id='par_1_4' title="bbox 237 2300 1302 2722">
     <span class='ocr_line' id='line_1_21' title="bbox 237 2300 1300 2385; baseline -0.003 -16"><span class='ocrx_word' id='word_1_152' title='bbox 237 2300 383 2369; x_wconf 75' lang='lat' dir='ltr'><strong>reterriti</strong></span> <span class='ocrx_word' id='word_1_153' title='bbox 407 2322 424 2363; x_wconf 90' lang='lat' dir='ltr'><strong>e</strong></span> <span class='ocrx_word' id='word_1_154' title='bbox 446 2300 548 2363; x_wconf 91' lang='lat' dir='ltr'><strong>muris</strong></span> <span class='ocrx_word' id='word_1_155' title='bbox 578 2300 711 2384; x_wconf 90' lang='lat' dir='ltr'><strong>supinas</strong></span> <span class='ocrx_word' id='word_1_156' title='bbox 738 2323 853 2365; x_wconf 90' lang='lat' dir='ltr'><strong>manus</strong></span> <span class='ocrx_word' id='word_1_157' title='bbox 885 2301 1053 2365; x_wconf 90' lang='lat' dir='ltr'><strong>tendentes</strong></span> <span class='ocrx_word' id='word_1_158' title='bbox 1077 2324 1168 2366; x_wconf 88' lang='lat' dir='ltr'><strong>orare</strong></span> <span class='ocrx_word' id='word_1_159' title='bbox 1191 2323 1300 2385; x_wconf 83' lang='lat' dir='ltr'><strong>coepe</strong></span> 
     </span>
     <span class='ocr_line' id='line_1_22' title="bbox 278 2387 1301 2474; baseline 0.003 -21"><span class='ocrx_word' id='word_1_160' title='bbox 278 2393 368 2454; x_wconf 92' lang='lat' dir='ltr'><strong>runt:</strong></span> <span class='ocrx_word' id='word_1_161' title='bbox 402 2389 481 2453; x_wconf 91' lang='lat' dir='ltr'><strong>iram</strong></span> <span class='ocrx_word' id='word_1_162' title='bbox 505 2389 539 2452; x_wconf 91' lang='lat' dir='ltr'><strong>in</strong></span> <span class='ocrx_word' id='word_1_163' title='bbox 564 2387 808 2471; x_wconf 84' lang='lat' dir='ltr'><strong>Satibarzanen,</strong></span> <span class='ocrx_word' id='word_1_164' title='bbox 839 2389 1029 2454; x_wconf 86' lang='lat' dir='ltr'><strong>defectionis</strong></span> <span class='ocrx_word' id='word_1_165' title='bbox 1054 2395 1232 2474; x_wconf 89' lang='lat' dir='ltr'><strong>auctorem,</strong></span> <span class='ocrx_word' id='word_1_166' title='bbox 1254 2414 1301 2456; x_wconf 90' lang='lat' dir='ltr'><strong>re·</strong></span> 
     </span>
     <span class='ocr_line' id='line_1_23' title="bbox 279 2478 1301 2563; baseline -0.001 -19"><span class='ocrx_word' id='word_1_167' title='bbox 279 2483 433 2558; x_wconf 84' lang='grc'>11111111,</span> <span class='ocrx_word' id='word_1_168' title='bbox 464 2478 664 2562; x_wconf 92' lang='lat' dir='ltr'><strong>supplicibus</strong></span> <span class='ocrx_word' id='word_1_169' title='bbox 688 2482 790 2542; x_wconf 89' lang='lat' dir='ltr'><strong>semet</strong></span> <span class='ocrx_word' id='word_1_170' title='bbox 818 2478 1008 2543; x_wconf 89' lang='lat' dir='ltr'><strong>dedentibus</strong></span> <span class='ocrx_word' id='word_1_171' title='bbox 1031 2483 1185 2563; x_wconf 86' lang='lat' dir='ltr'><strong>parceret.</strong></span> <span class='ocrx_word' id='word_1_172' title='bbox 1231 2478 1301 2545; x_wconf 85' lang='lat' dir='ltr'><strong>Rex</strong></span> 
     </span>
     <span class='ocr_line' id='line_1_24' title="bbox 279 2566 1302 2653; baseline 0.002 -22"><span class='ocrx_word' id='word_1_173' title='bbox 279 2567 354 2631; x_wconf 89' lang='lat' dir='ltr'><strong>data</strong></span> <span class='ocrx_word' id='word_1_174' title='bbox 368 2569 461 2632; x_wconf 78' lang='lat' dir='ltr'><strong>venia</strong></span> <span class='ocrx_word' id='word_1_175' title='bbox 484 2589 550 2632; x_wconf 91' lang='lat' dir='ltr'><strong>non</strong></span> <span class='ocrx_word' id='word_1_176' title='bbox 573 2566 785 2631; x_wconf 90' lang='lat' dir='ltr'><strong>obsidionem</strong></span> <span class='ocrx_word' id='word_1_177' title='bbox 798 2568 893 2633; x_wconf 90' lang='lat' dir='ltr'><strong>modo</strong></span> <span class='ocrx_word' id='word_1_178' title='bbox 914 2567 1020 2653; x_wconf 84' lang='lat' dir='ltr'><strong>solvit,</strong></span> <span class='ocrx_word' id='word_1_179' title='bbox 1043 2568 1098 2634; x_wconf 90' lang='lat' dir='ltr'><strong>sed</strong></span> <span class='ocrx_word' id='word_1_180' title='bbox 1117 2568 1226 2633; x_wconf 90' lang='lat' dir='ltr'><strong>omnia</strong></span> <span class='ocrx_word' id='word_1_181' title='bbox 1245 2591 1302 2633; x_wconf 91' lang='lat' dir='ltr'><strong>sua</strong></span> 
     </span>
     <span class='ocr_line' id='line_1_25' title="bbox 279 2656 674 2722; baseline 0 -1"><span class='ocrx_word' id='word_1_182' title='bbox 279 2658 395 2722; x_wconf 88' lang='lat' dir='ltr'><strong>incolis</strong></span> <span class='ocrx_word' id='word_1_183' title='bbox 418 2656 565 2721; x_wconf 87' lang='lat' dir='ltr'><strong>reddidit.</strong></span> <span class='ocrx_word' id='word_1_184' title='bbox 671 2702 674 2711; x_wconf 83' lang='lat'>-</span> 
     </span>
    </p>

    <p class='ocr_par' dir='ltr' id='par_1_5' title="bbox 238 2744 1355 3188">
     <span class='ocr_line' id='line_1_26' title="bbox 238 2744 1355 2832; baseline 0.002 -24"><span class='ocrx_word' id='word_1_185' title='bbox 238 2774 268 2814; x_wconf 62' lang='grc'><strong>11</strong></span> <span class='ocrx_word' id='word_1_186' title='bbox 347 2745 398 2808; x_wconf 91' lang='lat' dir='ltr'><strong>Ab</strong></span> <span class='ocrx_word' id='word_1_187' title='bbox 418 2744 479 2811; x_wconf 91' lang='lat' dir='ltr'><strong>hac</strong></span> <span class='ocrx_word' id='word_1_188' title='bbox 497 2745 577 2809; x_wconf 91' lang='lat' dir='ltr'><strong>urbe</strong></span> <span class='ocrx_word' id='word_1_189' title='bbox 596 2746 739 2832; x_wconf 89' lang='lat' dir='ltr'><strong>digresso</strong></span> <span class='ocrx_word' id='word_1_190' title='bbox 759 2744 1018 2830; x_wconf 88' lang='lat' dir='ltr'><strong>supplementum</strong></span> <span class='ocrx_word' id='word_1_191' title='bbox 1037 2768 1196 2811; x_wconf 85' lang='lat' dir='ltr'><strong>novorum</strong></span> <span class='ocrx_word' id='word_1_192' title='bbox 1219 2745 1303 2810; x_wconf 91' lang='lat' dir='ltr'><strong>mili·</strong></span> <span class='ocrx_word' id='word_1_193' title='bbox 1323 2763 1355 2811; x_wconf 78' lang='lat' dir='ltr'><strong>ao</strong></span> 
     </span>
     <span class='ocr_line' id='line_1_27' title="bbox 280 2834 1302 2918; baseline 0 -19"><span class='ocrx_word' id='word_1_194' title='bbox 280 2840 350 2899; x_wconf 90' lang='lat' dir='ltr'><strong>tum</strong></span> <span class='ocrx_word' id='word_1_195' title='bbox 379 2836 530 2900; x_wconf 88' lang='lat' dir='ltr'><strong>occurrit:</strong></span> <span class='ocrx_word' id='word_1_196' title='bbox 563 2834 675 2900; x_wconf 86' lang='lat' dir='ltr'><strong>Zoilus</strong></span> <span class='ocrx_word' id='word_1_197' title='bbox 697 2853 722 2899; x_wconf 84' lang='lat' dir='ltr'>D</span> <span class='ocrx_word' id='word_1_198' title='bbox 746 2838 871 2918; x_wconf 86' lang='lat' dir='ltr'><strong>equites</strong></span> <span class='ocrx_word' id='word_1_199' title='bbox 899 2858 938 2899; x_wconf 91' lang='lat' dir='ltr'><strong>ex</strong></span> <span class='ocrx_word' id='word_1_200' title='bbox 963 2834 1096 2901; x_wconf 79' lang='lat' dir='ltr'><strong>Graecia</strong></span> <span class='ocrx_word' id='word_1_201' title='bbox 1119 2835 1302 2917; x_wconf 85' lang='lat' dir='ltr'><strong>adduxerat,</strong></span> 
     </span>
     <span class='ocr_line' id='line_1_28' title="bbox 282 2923 1301 3012; baseline 0.003 -25"><span class='ocrx_word' id='word_1_202' title='bbox 282 2942 321 2987; x_wconf 91' lang='lat'><strong>111</strong></span> <span class='ocrx_word' id='word_1_203' title='bbox 344 2924 435 3012; x_wconf 89' lang='lat' dir='ltr'><strong>milia</strong></span> <span class='ocrx_word' id='word_1_204' title='bbox 454 2948 493 2988; x_wconf 88' lang='grc'><strong>11</strong></span> <span class='ocrx_word' id='word_1_205' title='bbox 512 2923 644 3008; x_wconf 85' lang='lat' dir='ltr'><strong>Illyrico</strong></span> <span class='ocrx_word' id='word_1_206' title='bbox 658 2923 832 3009; x_wconf 84' lang='lat' dir='ltr'><strong>Antipater</strong></span> <span class='ocrx_word' id='word_1_207' title='bbox 850 2925 992 3009; x_wconf 90' lang='lat' dir='ltr'><strong>miserat,</strong></span> <span class='ocrx_word' id='word_1_208' title='bbox 1015 2924 1162 2989; x_wconf 82' lang='lat' dir='ltr'><strong>Thessali</strong></span> <span class='ocrx_word' id='word_1_209' title='bbox 1177 2927 1301 3008; x_wconf 88' lang='lat' dir='ltr'><strong>equites</strong></span> 
     </span>
     <span class='ocr_line' id='line_1_29' title="bbox 281 3013 1303 3098; baseline 0.002 -23"><span class='ocrx_word' id='word_1_210' title='bbox 281 3016 357 3077; x_wconf 89' lang='lat' dir='ltr'><strong>cet</strong></span> <span class='ocrx_word' id='word_1_211' title='bbox 385 3031 458 3076; x_wconf 86' lang='lat' dir='ltr'><strong>xxx</strong></span> <span class='ocrx_word' id='word_1_212' title='bbox 486 3035 559 3077; x_wconf 90' lang='lat' dir='ltr'><strong>cum</strong></span> <span class='ocrx_word' id='word_1_213' title='bbox 588 3013 745 3098; x_wconf 85' lang='lat' dir='ltr'><strong>Philippo</strong></span> <span class='ocrx_word' id='word_1_214' title='bbox 771 3019 877 3097; x_wconf 89' lang='lat' dir='ltr'><strong>erant,</strong></span> <span class='ocrx_word' id='word_1_215' title='bbox 910 3035 949 3078; x_wconf 91' lang='lat' dir='ltr'><strong>ex</strong></span> <span class='ocrx_word' id='word_1_216' title='bbox 972 3014 1076 3098; x_wconf 86' lang='lat' dir='ltr'><strong>Lydia</strong></span> <span class='ocrx_word' id='word_1_217' title='bbox 1098 3032 1124 3077; x_wconf 92' lang='lat'><strong>11</strong></span> <span class='ocrx_word' id='word_1_218' title='bbox 1157 3013 1246 3078; x_wconf 90' lang='lat' dir='ltr'><strong>milia</strong></span> <span class='ocrx_word' id='word_1_219' title='bbox 1270 3017 1303 3077; x_wconf 90' lang='lat' dir='ltr'><strong>et</strong></span> 
     </span>
     <span class='ocr_line' id='line_1_30' title="bbox 281 3102 1302 3188; baseline 0 -22"><span class='ocrx_word' id='word_1_220' title='bbox 281 3104 427 3185; x_wconf 90' lang='lat' dir='ltr'><strong>sescenti,</strong></span> <span class='ocrx_word' id='word_1_221' title='bbox 445 3105 633 3188; x_wconf 86' lang='lat' dir='ltr'><strong>peregrinus</strong></span> <span class='ocrx_word' id='word_1_222' title='bbox 651 3102 753 3185; x_wconf 87' lang='lat' dir='ltr'><strong>miles,</strong></span> <span class='ocrx_word' id='word_1_223' title='bbox 772 3104 976 3187; x_wconf 81' lang='lat' dir='ltr'><strong>advenerant,</strong></span> <span class='ocrx_word' id='word_1_224' title='bbox 1001 3120 1064 3168; x_wconf 83' lang='lat' dir='ltr'><strong>ccc</strong></span> <span class='ocrx_word' id='word_1_225' title='bbox 1084 3104 1208 3186; x_wconf 91' lang='lat' dir='ltr'><strong>equites</strong></span> <span class='ocrx_word' id='word_1_226' title='bbox 1227 3124 1302 3188; x_wconf 89' lang='lat' dir='ltr'><strong>gen-</strong></span> 
     </span>
    </p>

    <p class='ocr_par' dir='ltr' id='par_1_6' title="bbox 239 3191 1355 3275">
     <span class='ocr_line' id='line_1_31' title="bbox 239 3191 1355 3275; baseline 0.002 -21"><span class='ocrx_word' id='word_1_227' title='bbox 239 3219 267 3260; x_wconf 68' lang='lat' dir='ltr'><strong>so</strong></span> <span class='ocrx_word' id='word_1_228' title='bbox 280 3192 323 3254; x_wconf 90' lang='lat' dir='ltr'><strong>tis</strong></span> <span class='ocrx_word' id='word_1_229' title='bbox 348 3191 488 3255; x_wconf 89' lang='lat' dir='ltr'><strong>eiusdem</strong></span> <span class='ocrx_word' id='word_1_230' title='bbox 513 3193 736 3275; x_wconf 90' lang='lat' dir='ltr'><strong>sequebantur.</strong></span> <span class='ocrx_word' id='word_1_231' title='bbox 768 3192 840 3256; x_wconf 90' lang='lat' dir='ltr'><strong>Hac</strong></span> <span class='ocrx_word' id='word_1_232' title='bbox 862 3214 961 3257; x_wconf 91' lang='lat' dir='ltr'><strong>manu</strong></span> <span class='ocrx_word' id='word_1_233' title='bbox 979 3193 1103 3257; x_wconf 88' lang='lat' dir='ltr'><strong>adiecta</strong></span> <span class='ocrx_word' id='word_1_234' title='bbox 1116 3194 1184 3257; x_wconf 78' lang='lat' dir='ltr'><strong>adit</strong></span> <span class='ocrx_word' id='word_1_235' title='bbox 1201 3192 1302 3256; x_wconf 90' lang='lat' dir='ltr'><strong>Dran·</strong></span> <span class='ocrx_word' id='word_1_236' title='bbox 1321 3208 1355 3257; x_wconf 83' lang='grc'><strong>36</strong></span> 
     </span>
    </p>
   </div>
   <div class='ocr_carea' id='block_1_3' title="bbox 281 3332 1304 3901">
    <p class='ocr_par' dir='ltr' id='par_1_7' title="bbox 281 3332 1304 3901">
     <span class='ocr_line' id='line_1_32' title="bbox 354 3332 1300 3403; baseline -0.001 -18"><span class='ocrx_word' id='word_1_237' title='bbox 354 3339 367 3385; x_wconf 89' lang='grc'><strong>1</strong></span> <span class='ocrx_word' id='word_1_238' title='bbox 389 3333 511 3403; x_wconf 89' lang='lat' dir='ltr'><strong>aditum]</strong></span> <span class='ocrx_word' id='word_1_239' title='bbox 526 3332 656 3385; x_wconf 88' lang='lat' dir='ltr'><strong>additum</strong></span> <span class='ocrx_word' id='word_1_240' title='bbox 669 3338 689 3383; x_wconf 78' lang='lat'><strong>1.</strong></span> <span class='ocrx_word' id='word_1_241' title='bbox 704 3350 738 3385; x_wconf 86' lang='lat' dir='ltr'><strong>m.</strong></span> <span class='ocrx_word' id='word_1_242' title='bbox 749 3349 794 3400; x_wconf 81' lang='lat' dir='ltr'><strong>pr.</strong></span> <span class='ocrx_word' id='word_1_243' title='bbox 810 3337 841 3385; x_wconf 81' lang='lat' dir='ltr'><strong>v.</strong></span> <span class='ocrx_word' id='word_1_244' title='bbox 902 3339 918 3384; x_wconf 77' lang='lat'><strong>2</strong></span> <span class='ocrx_word' id='word_1_245' title='bbox 937 3332 1051 3384; x_wconf 89' lang='lat' dir='ltr'><strong>flamma</strong></span> <span class='ocrx_word' id='word_1_246' title='bbox 1070 3333 1177 3385; x_wconf 90' lang='lat' dir='ltr'><strong>arserat</strong></span> <span class='ocrx_word' id='word_1_247' title='bbox 1190 3333 1300 3400; x_wconf 73' lang='lat' dir='ltr'><strong>scripsi:</strong></span> 
     </span>
     <span class='ocr_line' id='line_1_33' title="bbox 281 3402 1301 3474; baseline 0.001 -19"><span class='ocrx_word' id='word_1_248' title='bbox 281 3403 339 3456; x_wconf 92' lang='lat' dir='ltr'><strong>iam</strong></span> <span class='ocrx_word' id='word_1_249' title='bbox 358 3404 502 3457; x_wconf 86' lang='lat' dir='ltr'><strong>inaruerat</strong></span> <span class='ocrx_word' id='word_1_250' title='bbox 516 3408 546 3456; x_wconf 92' lang='lat' dir='ltr'><strong>A.</strong></span> <span class='ocrx_word' id='word_1_251' title='bbox 602 3403 700 3456; x_wconf 88' lang='lat' dir='ltr'><strong>3dari</strong></span> <span class='ocrx_word' id='word_1_252' title='bbox 714 3404 818 3457; x_wconf 78' lang='lat' dir='ltr'><strong>Aldus:</strong></span> <span class='ocrx_word' id='word_1_253' title='bbox 839 3404 906 3456; x_wconf 87' lang='lat' dir='ltr'><strong>dare</strong></span> <span class='ocrx_word' id='word_1_254' title='bbox 925 3408 955 3456; x_wconf 97' lang='lat' dir='ltr'><strong>A.</strong></span> <span class='ocrx_word' id='word_1_255' title='bbox 1011 3402 1147 3474; x_wconf 75' lang='lat' dir='ltr'><strong>Satque]</strong></span> <span class='ocrx_word' id='word_1_256' title='bbox 1166 3402 1259 3472; x_wconf 87' lang='lat' dir='ltr'><strong>adque</strong></span> <span class='ocrx_word' id='word_1_257' title='bbox 1273 3409 1301 3456; x_wconf 69' lang='lat'><strong>1..</strong></span> 
     </span>
     <span class='ocr_line' id='line_1_34' title="bbox 284 3474 1302 3544; baseline -0.002 -15"><span class='ocrx_word' id='word_1_258' title='bbox 284 3480 316 3529; x_wconf 88' lang='lat'><strong>13</strong></span> <span class='ocrx_word' id='word_1_259' title='bbox 336 3475 443 3529; x_wconf 89' lang='lat' dir='ltr'><strong>medios</strong></span> <span class='ocrx_word' id='word_1_260' title='bbox 457 3481 483 3527; x_wconf 87' lang='lat'><strong>1:</strong></span> <span class='ocrx_word' id='word_1_261' title='bbox 502 3475 595 3528; x_wconf 88' lang='lat' dir='ltr'><strong>medio</strong></span> <span class='ocrx_word' id='word_1_262' title='bbox 611 3480 641 3527; x_wconf 93' lang='lat' dir='ltr'><strong>A.</strong></span> <span class='ocrx_word' id='word_1_263' title='bbox 723 3475 799 3544; x_wconf 88' lang='lat' dir='ltr'><strong>ignis</strong></span> <span class='ocrx_word' id='word_1_264' title='bbox 819 3481 848 3529; x_wconf 78' lang='lat'><strong>0:</strong></span> <span class='ocrx_word' id='word_1_265' title='bbox 868 3474 948 3544; x_wconf 84' lang='lat' dir='ltr'><strong>ignes</strong></span> <span class='ocrx_word' id='word_1_266' title='bbox 962 3480 990 3528; x_wconf 80' lang='grc' dir='ltr'><strong>Ρ.</strong></span> <span class='ocrx_word' id='word_1_267' title='bbox 1074 3479 1109 3527; x_wconf 87' lang='grc'><strong>14</strong></span> <span class='ocrx_word' id='word_1_268' title='bbox 1127 3474 1212 3543; x_wconf 85' lang='lat' dir='ltr'><strong>pauci</strong></span> <span class='ocrx_word' id='word_1_269' title='bbox 1231 3492 1302 3528; x_wconf 90' lang='lat' dir='ltr'><strong>sem·</strong></span> 
     </span>
     <span class='ocr_line' id='line_1_35' title="bbox 281 3545 1302 3614; baseline 0.002 -16"><span class='ocrx_word' id='word_1_270' title='bbox 281 3546 401 3599; x_wconf 86' lang='lat' dir='ltr'><strong>ustulati</strong></span> <span class='ocrx_word' id='word_1_271' title='bbox 415 3552 435 3598; x_wconf 81' lang='lat'><strong>1³</strong></span> <span class='ocrx_word' id='word_1_272' title='bbox 449 3565 483 3599; x_wconf 85' lang='grc'>111.</span> <span class='ocrx_word' id='word_1_273' title='bbox 494 3565 552 3614; x_wconf 62' lang='lat' dir='ltr'><strong>pa:</strong></span> <span class='ocrx_word' id='word_1_274' title='bbox 572 3546 671 3613; x_wconf 87' lang='lat' dir='ltr'><strong>paucis</strong></span> <span class='ocrx_word' id='word_1_275' title='bbox 686 3545 876 3600; x_wconf 88' lang='lat' dir='ltr'><strong>semiustulati</strong></span> <span class='ocrx_word' id='word_1_276' title='bbox 891 3551 917 3598; x_wconf 83' lang='lat'><strong>0.</strong></span> <span class='ocrx_word' id='word_1_277' title='bbox 973 3550 1006 3598; x_wconf 78' lang='lat'><strong>26</strong></span> <span class='ocrx_word' id='word_1_278' title='bbox 1024 3545 1118 3599; x_wconf 88' lang='lat' dir='ltr'><strong>Zoilus</strong></span> <span class='ocrx_word' id='word_1_279' title='bbox 1133 3546 1302 3601; x_wconf 72' lang='lat' dir='ltr'><strong>Frobcaiuse</strong></span> 
     </span>
     <span class='ocr_line' id='line_1_36' title="bbox 282 3616 1248 3689; baseline 0.001 -20"><span class='ocrx_word' id='word_1_280' title='bbox 282 3617 359 3671; x_wconf 80' lang='lat' dir='ltr'><strong>aolus</strong></span> <span class='ocrx_word' id='word_1_281' title='bbox 378 3624 408 3671; x_wconf 89' lang='lat' dir='ltr'><strong>A.</strong></span> <span class='ocrx_word' id='word_1_282' title='bbox 500 3616 629 3689; x_wconf 81' lang='lat' dir='ltr'><strong>Graecia]</strong></span> <span class='ocrx_word' id='word_1_283' title='bbox 649 3618 741 3686; x_wconf 86' lang='lat' dir='ltr'><strong>gretia</strong></span> <span class='ocrx_word' id='word_1_284' title='bbox 759 3623 813 3670; x_wconf 67' lang='grc' dir='ltr'><strong>ΒΡ.</strong></span> <span class='ocrx_word' id='word_1_285' title='bbox 904 3622 935 3668; x_wconf 74' lang='lat'><strong>27</strong></span> <span class='ocrx_word' id='word_1_286' title='bbox 956 3617 1081 3688; x_wconf 85' lang='lat' dir='ltr'><strong>Hlyn&#39;co]</strong></span> <span class='ocrx_word' id='word_1_287' title='bbox 1100 3616 1202 3670; x_wconf 82' lang='lat' dir='ltr'><strong>illirico</strong></span> <span class='ocrx_word' id='word_1_288' title='bbox 1223 3624 1248 3670; x_wconf 80' lang='lat'><strong>0.</strong></span> 
     </span>
     <span class='ocr_line' id='line_1_37' title="bbox 283 3687 1248 3760; baseline -0.001 -18"><span class='ocrx_word' id='word_1_289' title='bbox 283 3689 422 3760; x_wconf 90' lang='lat' dir='ltr'><strong>Thessali]</strong></span> <span class='ocrx_word' id='word_1_290' title='bbox 443 3688 538 3743; x_wconf 88' lang='lat' dir='ltr'><strong>tessali</strong></span> <span class='ocrx_word' id='word_1_291' title='bbox 553 3695 582 3742; x_wconf 77' lang='lat' dir='ltr'><strong>F.</strong></span> <span class='ocrx_word' id='word_1_292' title='bbox 638 3694 671 3742; x_wconf 73' lang='lat'><strong>28</strong></span> <span class='ocrx_word' id='word_1_293' title='bbox 691 3689 736 3759; x_wconf 84' lang='grc'><strong>11]</strong></span> <span class='ocrx_word' id='word_1_294' title='bbox 756 3691 785 3741; x_wconf 88' lang='grc'><strong>11</strong></span> <span class='ocrx_word' id='word_1_295' title='bbox 803 3694 871 3742; x_wconf 85' lang='lat' dir='ltr'><strong>Pm.</strong></span> <span class='ocrx_word' id='word_1_296' title='bbox 882 3706 927 3756; x_wconf 83' lang='lat' dir='ltr'><strong>pr.</strong></span> <span class='ocrx_word' id='word_1_297' title='bbox 984 3688 1073 3757; x_wconf 84' lang='lat' dir='ltr'><strong>Lydia</strong></span> <span class='ocrx_word' id='word_1_298' title='bbox 1087 3694 1113 3742; x_wconf 88' lang='lat'><strong>1:</strong></span> <span class='ocrx_word' id='word_1_299' title='bbox 1132 3687 1203 3741; x_wconf 88' lang='lat' dir='ltr'><strong>lidia</strong></span> <span class='ocrx_word' id='word_1_300' title='bbox 1217 3693 1248 3741; x_wconf 90' lang='lat' dir='ltr'><strong>A.</strong></span> 
     </span>
     <span class='ocr_line' id='line_1_38' title="bbox 282 3759 1304 3831; baseline 0.001 -19"><span class='ocrx_word' id='word_1_301' title='bbox 282 3761 374 3831; x_wconf 87' lang='lat' dir='ltr'><strong>milia]</strong></span> <span class='ocrx_word' id='word_1_302' title='bbox 394 3777 444 3815; x_wconf 84' lang='lat' dir='ltr'><strong>om.</strong></span> <span class='ocrx_word' id='word_1_303' title='bbox 459 3766 486 3813; x_wconf 79' lang='grc' dir='ltr'><strong>Ρ.</strong></span> <span class='ocrx_word' id='word_1_304' title='bbox 579 3765 613 3813; x_wconf 74' lang='lat'><strong>29</strong></span> <span class='ocrx_word' id='word_1_305' title='bbox 633 3760 753 3813; x_wconf 89' lang='lat' dir='ltr'><strong>sescenti</strong></span> <span class='ocrx_word' id='word_1_306' title='bbox 773 3766 804 3813; x_wconf 82' lang='lat' dir='ltr'><strong>P:</strong></span> <span class='ocrx_word' id='word_1_307' title='bbox 829 3760 953 3813; x_wconf 86' lang='lat' dir='ltr'><strong>sexcenti</strong></span> <span class='ocrx_word' id='word_1_308' title='bbox 972 3766 998 3813; x_wconf 81' lang='lat'><strong>0.</strong></span> <span class='ocrx_word' id='word_1_309' title='bbox 1086 3765 1120 3813; x_wconf 82' lang='lat'><strong>30</strong></span> <span class='ocrx_word' id='word_1_310' title='bbox 1138 3759 1212 3830; x_wconf 88' lang='lat' dir='ltr'><strong>Hac]</strong></span> <span class='ocrx_word' id='word_1_311' title='bbox 1230 3760 1304 3813; x_wconf 87' lang='lat' dir='ltr'><strong>hanc</strong></span> 
     </span>
     <span class='ocr_line' id='line_1_39' title="bbox 283 3830 1259 3901; baseline 0.002 -18"><span class='ocrx_word' id='word_1_312' title='bbox 283 3838 351 3887; x_wconf 83' lang='lat' dir='ltr'><strong>Pm.</strong></span> <span class='ocrx_word' id='word_1_313' title='bbox 362 3852 407 3901; x_wconf 81' lang='lat' dir='ltr'><strong>pr.</strong></span> <span class='ocrx_word' id='word_1_314' title='bbox 481 3833 555 3886; x_wconf 80' lang='lat' dir='ltr'><strong>adit</strong></span> <span class='ocrx_word' id='word_1_315' title='bbox 574 3830 681 3885; x_wconf 74' lang='lat' dir='ltr'><strong>addidi</strong></span> <span class='ocrx_word' id='word_1_316' title='bbox 754 3831 883 3900; x_wconf 82' lang='lat' dir='ltr'><strong>Drangae</strong></span> <span class='ocrx_word' id='word_1_317' title='bbox 903 3832 1072 3887; x_wconf 77' lang='lat' dir='ltr'><strong>Frobem&#39;ue:</strong></span> <span class='ocrx_word' id='word_1_318' title='bbox 1093 3833 1210 3885; x_wconf 84' lang='lat' dir='ltr'><strong>drances</strong></span> <span class='ocrx_word' id='word_1_319' title='bbox 1230 3835 1259 3885; x_wconf 92' lang='lat' dir='ltr'><strong>A.</strong></span> 
     </span>
    </p>
   </div>
   <div class='ocr_carea' id='block_1_4' title="bbox 0 0 1591 4459">
    <p class='ocr_par' dir='ltr' id='par_1_8' title="bbox 0 0 1591 4459">
     <span class='ocr_line' id='line_1_40' title="bbox 0 0 1591 4459; baseline 0 0"><span class='ocrx_word' id='word_1_320' title='bbox 0 0 1591 4459; x_wconf 95' lang='lat' dir='ltr'><strong> </strong></span> 
     </span>
    </p>
   </div>
  </div>
 </body>
</html>
