3150 4459
605 1170 885 1245 PRAEFATIO

301 1354 398 1422 Quam
423 1355 571 1412 rationem
596 1356 628 1411 in
652 1352 685 1421 Q.
705 1352 791 1411 Curti
816 1353 883 1411 Rufi
909 1354 1042 1412 historiis
1067 1354 1253 1413 recensendis

232 1463 311 1501 anno
337 1462 538 1517 emesenum,
564 1462 632 1501 cum
659 1444 792 1518 primum
819 1461 868 1501 eas
894 1443 1019 1518 ederem,
1044 1445 1164 1502 secutus
1188 1462 1252 1501 sum

231 1553 369 1607 annoque
383 1550 552 1591 uncccnxx
566 1532 598 1589 in
612 1535 834 1609 programmate
850 1533 999 1610 gymnasii
1016 1531 1252 1609 Bemburgensis

231 1622 407 1699 diligentius
427 1621 587 1697 explicavi,
611 1640 677 1679 eam
700 1623 792 1680 etiam
816 1641 894 1680 nunc
919 1622 1039 1679 retinui.
1076 1622 1154 1680 Nam
1180 1622 1252 1680 Kin-

231 1712 325 1786 chius,
340 1713 393 1787 qui
407 1730 485 1769 anno
499 1728 725 1769 nncccnxxxm
740 1714 844 1769 contra
860 1713 1040 1770 sententiam
1050 1730 1148 1769 meam
1162 1711 1252 1770 disse·

230 1820 298 1859 rens
318 1819 421 1860 omnes
441 1799 525 1858 Curti
545 1801 669 1875 codices,
688 1803 838 1875 quotquot
857 1803 1000 1876 extarent,
1020 1820 1054 1858 ex
1074 1820 1134 1859 uno
1154 1801 1253 1860 codice

230 1891 368 1949 Parisino
390 1892 475 1948 5716
502 1890 680 1949 derivandos
699 1908 762 1948 esse
782 1890 873 1965 dixit,
898 1892 934 1948 ut
952 1892 1000 1948 hic
1026 1908 1104 1948 unus
1131 1889 1189 1947 dux
1208 1910 1252 1950 se·
1288 1900 1290 1904 '

206 2029 212 2038 ,
231 1980 367 2054 quendus
387 1982 426 2052 et,
444 1978 497 2036 ubi
514 1980 675 2038 lacunosus
696 1982 781 2052 esset,
801 1980 832 2037 in
851 1981 914 2039 eius
928 1981 1027 2038 locum
1042 1980 1132 2039 codex
1147 1979 1251 2038 biblio-

230 2070 334 2127 thecae
353 2068 519 2127 Vaticanae
537 2069 714 2146 Reginensis
735 2071 797 2128 971
819 2069 930 2128 saeculi
954 2069 1120 2128 duodecimi
1145 2068 1252 2127 substi-

229 2159 356 2217 tuendus
377 2162 466 2229 esset,
489 2160 611 2216 minime
631 2177 677 2217 me
700 2158 797 2217 movit
815 2178 941 2234 eumque
961 2158 1154 2218 vehementer
1172 2177 1250 2217 erra-

230 2249 306 2307 visse
327 2267 405 2307 anno
424 2265 693 2307 uncocnxxxxvm
714 2250 747 2305 in
766 2248 1009 2307 Berolinensibus
1029 2247 1064 2305 de
1088 2248 1252 2325 philologia

232 2338 304 2396 actis
326 2339 380 2396 col.
402 2338 486 2395 1386
508 2357 598 2411 quam
612 2336 784 2395 brevissime
805 2338 899 2396 docui.
937 2337 1054 2395 Nititur
1067 2338 1162 2414 igitur
1179 2338 1253 2396 haec

231 2427 327 2486 altera
344 2427 476 2485 recensio
490 2444 593 2485 rursus
608 2426 739 2501 quinque
754 2426 839 2485 libris
853 2445 945 2485 manu
960 2426 1088 2502 scriptis,
1104 2446 1178 2502 quos
1187 2428 1251 2503 ipse

232 2516 354 2591 contuli,
378 2516 531 2590 Bemensi,
555 2515 737 2590 Florentino,
760 2515 908 2591 Leidensi,
932 2515 1077 2590 Parisino,
1095 2515 1251 2574 Vossiano.

295 2607 341 2663 Ex
362 2605 473 2680 quibus
499 2605 589 2663 codex
608 2604 818 2679 Bernensis,
843 2606 895 2681 qui
920 2605 990 2664 olim
1014 2605 1098 2664 Petri
1116 2606 1251 2664 Danielis

229 2694 462 2769 Aurelianensis,
482 2694 589 2752 deinde
603 2693 706 2753 Iacobi
720 2694 880 2772 Bongarsii
899 2696 964 2753 eret
983 2698 1013 2753 et
1031 2714 1111 2753 nunc
1130 2713 1251 2754 numero

230 2785 290 2842 451
322 2784 484 2861 insignitus
510 2784 625 2841 Bernae
651 2784 683 2841 in
709 2783 891 2842 bibliotheca
918 2783 1039 2859 publica
1066 2785 1250 2858 adservatur,

229 2877 346 2932 centum
369 2873 497 2951 triginta
521 2891 571 2930 sex
594 2873 668 2931 folia
694 2874 888 2948 quaternaria
914 2892 1095 2950 pergamena
1119 2875 1252 2933 continet

228 2967 257 3021 et
277 2964 396 3021 saeculo
423 2981 501 3021 nono
527 2962 637 3021 litteris
661 2963 864 3041 carolingiois,
891 2983 967 3037 quae
987 2964 1145 3035 vocantur,
1172 2961 1250 3022 binis

228 3054 373 3111 columnis
401 3052 574 3110 vicenorum
597 3055 751 3110 ternorum
779 3071 918 3111 versuum
950 3052 1102 3130 eleganter
1122 3052 1250 3127 scriptus

228 3144 318 3217 atque
340 3142 444 3200 eodem
458 3142 519 3199 fere
533 3142 676 3217 tempore,
695 3143 730 3199 ut
743 3141 809 3199 fieri
827 3142 950 3216 solebat,
970 3141 1006 3199 ab
1022 3141 1082 3200 alio
1096 3142 1250 3216 monacho,

228 3231 279 3305 qui
298 3250 333 3289 eo
352 3231 418 3305 ipso
441 3230 555 3304 codice,
583 3232 636 3306 qui
655 3230 893 3305 describebatur,
919 3229 1074 3305 utebatur,
1102 3233 1251 3290 correctus

226 3318 530 3395 adnotationibusque
553 3322 658 3378 auctus
677 3322 729 3379 est.
766 3321 872 3396 Neque
884 3311 994 3395 'postea
1013 3320 1180 3394 defuerunt,
1200 3320 1251 3395 qui

226 3408 312 3467 Curti
339 3408 431 3468 verba
463 3411 526 3467 sive
555 3412 732 3468 correcturis
755 3412 819 3469 sive
846 3411 960 3468 rasuris
991 3410 1053 3468 sive
1082 3408 1250 3468 adnotatio·

224 3498 311 3557 nibus
331 3498 488 3556 emendare
508 3498 668 3557 studerent.

292 3587 391 3647 (lodex
423 3587 674 3662 Florentinus,
711 3588 763 3664 qui
796 3587 966 3647 Florentiae
998 3588 1030 3645 in
1062 3587 1244 3647 bibliotheca

226 3676 432 3737 Laurentiana
447 3677 620 3736 adservatus
635 3678 726 3737 codex
736 3677 903 3737 tricesimus
919 3678 1042 3755 quintus
1055 3678 1158 3754 olutei
1168 3696 1253 3736 seua·

224 3768 328 3845 gesimi
358 3769 457 3841 quarti
480 3770 536 3841 est,
566 3786 645 3827 nunc
660 3769 761 3846 primo
783 3772 990 3850 quaternione
1014 3770 1123 3833 auolso
1149 3768 1280 3827 centum
