3150 4459
312 464 376 528 238
690 464 721 530 Q.
741 464 850 520 CURTI
869 465 954 519 RUFI

312 628 413 692 altera
437 626 642 694 Occidentem
676 630 879 715 contingeres
913 634 945 694 et
972 630 1034 693 hoc
1057 630 1233 696 adsecutus
1258 632 1345 694 scire

312 720 420 801 velles,
448 718 503 782 ubi
527 719 610 783 tanti
633 719 776 784 numinis
799 720 910 805 fulgor
933 720 1133 783 conderetur.
1180 718 1236 783 Sic
1252 727 1343 804 ¹quo-

261 822 293 868 13
314 829 376 890 que
408 808 623 890 concupiscis,
656 830 738 891 quae
767 831 833 872 non
864 809 961 892 capia.
1007 807 1059 872 Ab
1085 809 1219 892 Europa
1252 811 1344 893 petis

311 894 437 980 Asiam,
470 917 508 960 ex
532 895 611 961 Asia
643 898 761 962 transis
791 897 826 961 in
849 897 1028 982 Europam:
1062 898 1188 982 deiude,
1224 900 1252 962 si
1277 898 1342 961 hu-

309 1008 441 1050 manum
465 1007 566 1070 genus
590 1007 684 1051 omne
708 987 918 1072 superaveris,
942 1009 1014 1051 cum
1040 988 1129 1052 silvis
1154 991 1185 1051 et
1203 987 1343 1057 nivibus
1371 1012 1382 1051 s

258 1092 291 1138 11
311 1078 342 1138 et
356 1075 545 1140 fluminibus
559 1075 700 1159 ferisque
715 1077 828 1141 bestiis
844 1081 994 1163 gesturus
1010 1099 1042 1142 es
1057 1076 1187 1142 bellum.
1229 1075 1343 1153 Quid?

310 1167 348 1228 tu
364 1165 496 1250 ignoras
516 1165 645 1230 arbores
664 1187 798 1250 magnas
818 1167 873 1231 diu
892 1188 1042 1249 crescere,
1061 1190 1125 1231 uua
1142 1166 1224 1230 hora
1240 1168 1343 1231 extir-

310 1255 402 1337 pari?
440 1253 566 1318 Stultus
590 1259 652 1338 est,
685 1256 742 1339 qui
764 1256 888 1320 fructus
917 1278 1027 1320 earum
1056 1260 1193 1339 spectat,
1227 1257 1343 1320 altitu·

310 1342 418 1407 dinem
441 1366 507 1408 non
530 1345 672 1408 metitur.
718 1343 818 1428 Vide,
841 1368 895 1429 ne,
925 1345 1002 1409 dum
1026 1345 1066 1408 ad
1090 1367 1243 1410 cacumen
1267 1368 1342 1428 per-

310 1433 419 1496 venire
439 1432 616 1516 contendis,
635 1455 707 1497 cum
728 1433 809 1518 ipsis
830 1435 938 1518 ramis,
958 1456 1039 1517 quos
1055 1434 1381 1518 conprehenderis,1o

258 1536 290 1582 15
311 1521 447 1585 decidas.
484 1522 550 1586 Leo
574 1543 703 1606 quoque
727 1523 899 1607 aliquando
923 1524 1129 1589 minimarum
1153 1524 1262 1587 avium
1284 1548 1342 1607 pa-

310 1609 422 1675 bulum
446 1611 519 1696 fuit,
542 1616 575 1675 et
597 1613 719 1676 ferrum
742 1613 858 1699 robigo
878 1615 1047 1678 consumit.
1085 1612 1178 1678 Nihil
1195 1618 1262 1677 tam
1285 1615 1342 1677 fir-

310 1722 399 1764 mum
432 1705 494 1784 est,
527 1701 577 1765 cui
610 1701 789 1785 periculum
822 1724 888 1766 non
920 1704 963 1766 sit
992 1705 1087 1767 etiam
1115 1702 1155 1766 ab
1182 1702 1341 1768 invalido.

258 1804 290 1851 16
311 1787 395 1864 Quid
427 1787 521 1854 nobis
549 1794 654 1855 tecum
686 1791 756 1855 est?
793 1790 980 1875 Numquam
1004 1795 1122 1856 terram
1148 1795 1237 1856 tuam
1261 1793 1342 1856 atti-

311 1879 425 1963 gimus.
486 1877 564 1955 Quis
602 1879 659 1962 sis,
693 1881 777 1945 unde
810 1884 933 1963 venias,
969 1881 1086 1945 licetne
1118 1883 1269 1967 ignorare
1305 1883 1341 1947 in
1358 1907 1380 1946 15

310 1971 410 2033 vastis
434 1968 524 2033 silvis
547 1968 752 2034 viventibus?
775 1968 844 2033 Nec
868 1972 986 2034 servire
1005 1972 1064 2035 ulli
1084 1991 1255 2054 possumus
1276 1993 1341 2038 neo

188 2060 189 2065 ’
258 2072 290 2119 11
310 2058 469 2141 imperare
493 2058 718 2123 desideremus.
751 2057 846 2122 Dona
868 2059 964 2123 nobis
988 2060 1062 2124 data
1086 2064 1169 2143 suut,
1192 2082 1233 2123 ne
1259 2058 1341 2145 Scy-

310 2146 440 2211 tharum
464 2152 593 2231 gentem
616 2149 759 2233 ignores,
790 2150 902 2233 iugum
926 2149 1025 2214 boum
1050 2153 1082 2213 et
1105 2155 1262 2233 aratrum,
1290 2174 1341 2214 sa-

310 2235 404 2321 gitta,
426 2236 528 2320 hasta,
551 2240 671 2320 patera.
705 2236 765 2302 His
788 2238 912 2303 utimur
936 2242 967 2301 et
991 2259 1064 2302 cum
1089 2239 1201 2303 amicis
1225 2243 1258 2303 et
1284 2241 1341 2303 ad-

259 2339 290 2386 18
310 2347 421 2390 versus
454 2325 610 2391 inimicos.
656 2325 778 2412 Fruges
812 2327 923 2391 amicis
954 2327 1067 2392 damus
1099 2329 1198 2393 boum
1222 2329 1340 2393 labore
1355 2354 1381 2393 so

311 2416 481 2499 quaesitas,
504 2419 615 2499 patera
638 2438 711 2480 cum
735 2416 837 2479 isdem
858 2418 970 2481 vinum
989 2416 1037 2481 dis
1056 2417 1204 2501 libamus,
1228 2418 1340 2481 inimi-

311 2525 365 2568 cos
403 2505 522 2590 sagitta
555 2506 693 2589 eminus,
729 2505 824 2569 hasta
856 2508 1037 2571 comminus
1076 2508 1224 2589 petimus.
1283 2506 1341 2572 Sic

312 2591 422 2677 Syriae
455 2616 564 2680 regem
593 2598 625 2658 et
654 2598 767 2677 postea
789 2594 958 2659 Persarum
983 2595 1217 2679 Medorumque
1242 2619 1340 2681 supe-

259 2696 291 2743 19
310 2684 461 2767 ravimusr,
484 2684 654 2767 patuitque
677 2684 772 2748 nobis
796 2685 859 2748 iter
881 2706 984 2768 usque
1008 2685 1041 2748 in
1056 2685 1251 2770 Aegyptum.
1291 2686 1340 2751 At

311 2776 360 2847 tu,
394 2773 450 2856 qui
482 2777 515 2836 te
543 2773 691 2859 gloriaris
719 2773 760 2837 ad
789 2772 931 2838 latrones
954 2775 1192 2858 persequendos
1216 2776 1339 2860 venire,
1354 2800 1380 2840 rs

382 3002 527 3073 4Asiam]
547 3002 650 3055 assiam
669 3008 699 3055 B.
755 3001 836 3073 Asia]
856 3003 930 3056 assia
943 3009 974 3056 R.
1032 3006 1135 3075 iuna]
1154 3004 1232 3057 huna
1250 3009 1278 3058 Ρ.

310 3073 391 3143 hora]
411 3091 460 3126 ora
475 3080 500 3128 0.
574 3074 721 3145 extirpari]
741 3075 885 3143 extyrpari
899 3080 928 3140 V,
949 3075 1098 3145 exstirpari
1112 3082 1142 3129 B.
1217 3079 1337 3131 timeti-

310 3147 357 3197 tur
375 3146 482 3215 Louer:
502 3145 586 3198 metit
603 3151 633 3199 Δ.
708 3147 854 3218 cacumen]
874 3163 1028 3201 caucumen
1046 3154 1074 3201 P.
1150 3154 1180 3200 11
1201 3148 1337 3202 minima-

310 3217 666 3356 iffiiinihaiumri'ous
682 3217 839 3344 iiiiii:
850 3218 987 3357 iiduiim
1006 3218 1288 3362 iaanffriiii‘t
1301 3226 1337 3345 ti

312 3364 344 3411 17
360 3359 407 3430 ne]
421 3366 548 3414 nechar.
559 3378 604 3430 pr.
615 3365 670 3413 PR.
726 3360 906 3432 Scytharum]
922 3362 1077 3415 scitharum
1087 3368 1142 3415 LR.
1199 3367 1232 3414 18
1247 3361 1338 3417 boum

316 3430 492 3486 Vindelicus:
522 3432 625 3486 bouem
648 3437 709 3497 PR,
735 3434 823 3487 boues
848 3438 872 3487 0.
983 3440 1014 3486 ‘21
1036 3434 1126 3487 isdem
1150 3439 1209 3486 PR:
1239 3433 1337 3487 hiisB

310 3520 345 3555 m.
355 3520 411 3571 pr,
431 3501 466 3556 iis
480 3507 500 3554 B
515 3519 584 3557 corr.
599 3508 657 3569 PL,
681 3503 726 3557 his
746 3510 775 3557 V.
846 3504 889 3557 dis
909 3509 969 3557 PR:
996 3505 1049 3558 diis
1070 3511 1094 3558 c.
1160 3511 1193 3557 22
1214 3505 1337 3577 sagitta]

311 3575 405 3643 sagita
422 3580 450 3628 1..
533 3574 627 3645 hasta]
647 3578 710 3628 asta
727 3580 758 3628 V.
842 3581 875 3628 23
896 3575 992 3643 Syriae
1014 3578 1141 3631 Modica:
1165 3576 1293 3644 scythiae
1314 3584 1338 3631 A

311 3646 440 3716 [scythae
454 3650 483 3711 B,
499 3646 635 3714 scythyae
649 3646 690 3717 1²]
710 3646 822 3716 greciae
837 3646 956 3701 scithiae
971 3653 1001 3701 R.
1057 3648 1215 3718 Persarum]
1232 3665 1338 3716 pensa-

310 3734 372 3770 rum
386 3723 417 3770 R.
474 3723 507 3770 24
527 3718 699 3789 Aegyptum]
716 3718 862 3786 aegiptum
876 3723 931 3771 PR.
986 3726 1019 3772 26
1035 3720 1133 3791 adisti]
1149 3719 1233 3772 abisti
1248 3725 1279 3774 V.

310 3788 384 3913 latgo
399 3789 440 3859 es]
458 3788 583 3843 latrones
596 3795 627 3842 R.
695 3790 826 3859 Lydiam]
845 3788 945 3843 lidiam
965 3797 1073 3845 FPRV.
1139 3790 1251 3862 cepisti]
1272 3808 1338 3847 coc-

301 3860 378 3927 pisr'
390 3866 466 3913 m

308 4133 312 4161 Ι
