3150 4459
493 433 747 489 HISTORIARUM
764 435 979 490 ALEXANDRI
997 436 1030 503 V,
1052 444 1075 491 1.
1229 439 1293 503 113

343 596 505 681 Ceterum,
534 620 597 681 quo
627 599 733 663 minus
763 599 916 663 damnum
945 602 1091 684 sentiret,
1120 602 1294 667 identidem

274 688 473 753 incremento
488 688 710 752 renovabatur.
756 686 906 771 Namque
919 686 1078 773 Amyntas
1093 689 1294 757 Andromeni
1313 710 1349 757 40

274 776 316 840 ab
346 774 519 860 Antipatro
551 776 762 842 Macedonum
794 777 940 861 peditum
970 797 1007 843 VI
1034 779 1125 843 milia
1152 781 1294 865 adduxit,

274 884 299 929 1)
332 870 497 949 praeterea
528 867 670 931 eiusdem
709 868 835 952 generis
873 869 1011 951 equites,
1049 890 1122 933 cum
1159 870 1210 933 his
1247 888 1293 936 nc
1314 889 1347 936 41

247 954 415 1020 aThracas
440 956 600 1020 adiunctis
623 956 786 1040 peditibus
812 979 888 1020 suae
911 958 1016 1042 gentis
1040 976 1079 1020 111
1103 959 1237 1024 milibus
1260 979 1294 1042 1),

275 1049 307 1109 et
339 1068 379 1109 ex
406 1043 631 1128 Peloponneso
660 1046 897 1110 mercennarius
929 1047 1022 1110 miles
1056 1048 1096 1111 ad
1124 1065 1176 1112 1111
1203 1050 1294 1119 milia

274 1134 446 1198 advenerat
482 1156 555 1198 cum
593 1136 745 1199 trecentis
783 1136 949 1220 octoginta
979 1136 1152 1219 equitibus.
1205 1136 1294 1203 Idem
1314 1156 1347 1204 42

274 1223 434 1307 Amyntas
466 1224 640 1288 adduxerat
671 1241 692 1286 n
722 1225 907 1308 principum
938 1224 1145 1291 Macedoniae
1174 1226 1294 1293 liberos

275 1312 403 1376 adultos
434 1314 474 1377 ad
505 1315 685 1379 custodiam
716 1314 869 1397 corporis.
917 1312 1044 1399 Quippe
1072 1315 1156 1379 inter
1183 1319 1295 1400 epulas

233 1425 260 1465 ιο
274 1401 310 1465 hi
343 1407 418 1465 sunt
449 1404 580 1489 regibus
612 1403 753 1466 ministri
785 1402 935 1485 idemque
970 1425 1071 1486 equos
1109 1406 1294 1471 ineuntibus

275 1491 434 1574 proelium
459 1494 631 1557 adniovent
653 1496 871 1575 venantesque
896 1494 1092 1557 comitantur
1115 1497 1147 1558 et
1169 1496 1296 1581 vigilia-

274 1602 346 1644 rum
375 1582 460 1645 vices
489 1585 562 1645 ante
591 1580 733 1645 cubiculi
759 1580 845 1646 fores
874 1585 1015 1646 servant:
1039 1605 1295 1669 magnorumque

275 1670 510 1753 praefectorum
540 1675 572 1734 et
600 1670 717 1736 ducum
745 1671 825 1734 haec
852 1672 1049 1736 incrementa
1077 1677 1152 1736 sunt
1185 1678 1216 1738 et
1244 1697 1295 1738 ru-

276 1758 424 1822 dimenta.
1117 1809 1121 1815 -

233 1871 260 1911 ιε
342 1845 448 1934 Igitur
469 1871 527 1912 rex
546 1850 612 1912 arci
629 1848 798 1931 Babylone
817 1847 989 1935 Agathone
1008 1852 1189 1934 praesidere
1206 1852 1294 1918 iusso
1314 1868 1348 1916 43

276 1960 347 2002 cum
392 1938 605 2023 septingentis
642 1938 858 2004 Macedonum
898 1940 1113 2022 trecentisque
1150 1942 1295 2006 mercede

275 2028 442 2092 conductis
462 2033 635 2110 praetores,
659 2029 715 2110 qui
737 2028 865 2113 regioni
884 2027 1083 2111 Babyloniae
1107 2052 1144 2094 ac
1164 2029 1295 2096 Ciliciae

275 2121 469 2200 praeessent,
491 2115 620 2181 Meneta
639 2122 672 2181 et
690 2114 929 2201 Apollodorum
947 2117 1110 2202 relinquit.
1157 2137 1183 2182 [Ι
1206 2122 1295 2185 milia

274 2205 326 2269 his
353 2206 496 2269 militum
520 2228 593 2270 cum
617 2207 707 2269 mille
731 2207 861 2271 talentis
886 2207 971 2271 data:
994 2208 1123 2291 utrique
1147 2231 1296 2294 praecep-

234 2319 261 2358 ao
275 2299 355 2376 tum,
384 2301 422 2359 ut
445 2297 479 2359 in
502 2297 762 2379 supplementum
788 2295 908 2360 milites
931 2296 1083 2381 legerent.
1130 2297 1295 2363 Mazaeum
1315 2313 1349 2361 44

275 2386 475 2469 transfugam
495 2389 642 2468 satrapea
659 2384 828 2469 Babylone
847 2385 954 2468 donat,
973 2383 1215 2471 Bagophanem,
1240 2390 1296 2471 qui

275 2496 381 2537 arceiu
412 2474 600 2556 tradiderat,
631 2496 664 2538 se
694 2475 786 2556 sequi
816 2475 924 2557 iussit,
954 2474 1108 2539 Armenia
1132 2475 1296 2560 Mithreni,

276 2561 425 2628 Sardium
454 2564 626 2646 proditori,
655 2564 729 2627 data
752 2567 809 2628 est.
855 2562 906 2627 Ex
934 2565 1071 2647 pecunia
1099 2565 1214 2630 deinde
1237 2566 1294 2630 Ba·
1315 2579 1348 2628 45

349 2765 362 2809 1
379 2757 496 2811 sentiret
511 2757 639 2811 Medius:
655 2756 794 2810 sentirent
802 2763 832 2810 A.
889 2763 904 2810 2
919 2757 1069 2828 Amyntas]
1080 2758 1201 2812 amintas
1216 2766 1241 2812 ὓ.

275 2829 448 2882 Andromeni
466 2834 491 2880 1:
512 2829 695 2882 andromoeni
713 2833 743 2882 A.
832 2834 903 2881 Ano
921 2834 947 2882 1:
967 2834 1047 2883 ficA.
1131 2835 1146 2882 5
1172 2829 1296 2885 Thracas

275 2902 378 2954 Aldus:
397 2901 510 2954 trachas
524 2904 555 2953 A.
629 2900 733 2970 gentis]
752 2902 851 2969 gentes
870 2906 938 2954 Pm.
949 2917 994 2968 pr.
1069 2901 1296 2970 6Peloponueso

275 2973 407 3026 Zarotus:
422 2971 613 3040 peloponenso
628 2975 658 3024 A.
714 2976 730 3024 8
744 2971 895 3043 Amyntas]
909 2972 1030 3024 amintas
1044 2979 1068 3024 0.
1124 2972 1295 3044 principum]

273 3044 446 3112 principium
465 3049 484 3094 1.
503 3061 538 3096 m.
553 3059 599 3111 pr.
618 3048 638 3094 P
656 3061 691 3096 m.
706 3061 752 3112 pr.
846 3048 879 3096 10
902 3043 1017 3111 regibus
1042 3045 1135 3114 Voqel:
1164 3046 1239 3114 regis
1265 3049 1295 3099 A.

276 3122 308 3168 15
319 3116 389 3185 arci]
400 3132 483 3168 *arca
489 3120 517 3179 P,
527 3113 604 3167 archi
612 3119 667 3167 Π.
710 3113 867 3185 Babylone]
875 3114 1008 3168 babilone
1015 3120 1044 3181 F,
1052 3115 1203 3184 babyllone
1211 3121 1241 3167 v.

274 3185 422 3256 Agathone
441 3192 467 3238 1:
492 3188 614 3254 agatone
632 3185 664 3237 A.
748 3186 909 3254 praesidere
927 3186 1003 3239 iusso
1022 3192 1048 3239 1:
1071 3187 1216 3255 praesides
1236 3187 1296 3241 eius

275 3275 304 3311 so
324 3265 392 3310 Pm.
408 3275 463 3325 pr,
486 3257 618 3325 praeside
641 3256 700 3309 eius
723 3257 800 3310 iusso
819 3263 853 3321 V,
877 3258 1008 3326 praeside
1034 3274 1095 3313 esse
1116 3258 1192 3312 iusso
1217 3263 1295 3311 ΒΗ.

276 3335 309 3383 18
328 3329 502 3399 praeessent]
525 3331 707 3397 praesessent
725 3335 758 3394 P,
782 3332 815 3381 nt
837 3330 870 3382 a'a
892 3346 960 3395 roa,
985 3346 1001 3383 c
1023 3347 1091 3384 cras.
1184 3329 1297 3383 Meneta

273 3401 383 3469 scripsi:
403 3402 546 3453 manetam
564 3404 594 3453 A.
668 3399 883 3471 Apollodorum]
907 3400 1070 3469 apollodoro
1089 3406 1171 3467 BEV,
1191 3401 1297 3470 apollo-

275 3473 343 3526 dora
362 3478 390 3525 L.
483 3476 515 3524 19
535 3471 579 3525 his
598 3471 722 3526 militum
740 3477 766 3525 1:
790 3472 814 3523 is
834 3472 957 3525 militum
975 3477 998 3524 A
1022 3472 1182 3543 [similitum
1201 3474 1242 3543 B]

274 3543 352 3597 mille
371 3550 398 3596 1:
424 3563 448 3594 ω
472 3547 706 3609 13200412,ῑῆ
724 3549 917 3611 coarmpr.
933 3549 988 3597 LV.
1084 3544 1152 3597 data
1170 3550 1239 3598 rm.
1250 3562 1295 3613 pr.

274 3621 413 3683 Prepa:
434 3615 484 3666 dat
500 3618 582 3667 BLV.
638 3621 672 3669 20
691 3614 837 3668 Mazaeum
852 3616 956 3669 Aldus:
976 3631 1103 3669 mazeum
1117 3620 1147 3669 A.
1204 3621 1236 3668 21
1253 3633 1295 3669 sa-

273 3688 373 3754 trapea
393 3686 568 3740 Vindelicus:
589 3690 701 3755 senape
715 3690 738 3737 A
759 3688 887 3757 [satoape
905 3686 949 3756 V]
1040 3686 1197 3757 Babylone]
1216 3686 1297 3741 babi-

274 3757 339 3811 lone
357 3763 385 3810 L.
464 3762 498 3808 22
518 3773 547 3810 se
566 3765 700 3812 ooaPm.
711 3777 756 3826 pr.
848 3757 982 3810 Armenia
1001 3765 1033 3810 P:
1054 3758 1197 3811 armoenia
1216 3765 1242 3811 ὓ.
1308 3768 1310 3776 “

274 3828 421 3899 Mithreni]
436 3828 584 3882 mithrenis
594 3834 614 3881 B
624 3848 659 3883 m.
665 3847 710 3898 pr.
767 3833 800 3881 23
816 3828 961 3897 Babylone
977 3830 1069 3900 Vogel:
1085 3829 1287 3897 babyloniaeA

331 3928 435 3968 Curemus
451 3928 532 3968 Rarus
547 3928 582 3967 ed
597 3928 735 3969 Hedicke.
764 3929 808 3968 Ed.
823 3928 905 3970 maior.
1126 3923 1148 3969 a
