3150 4459
298 401 342 464 44
447 482 463 524 θ
677 398 707 464 Q.
728 399 836 454 CURTI
855 399 941 453 RUFI

246 582 279 630 30
299 563 427 628 Potitus
456 585 533 650 ergo
561 563 683 627 Pelusii
706 562 884 647 Memphim
914 562 1023 648 copias
1050 562 1223 648 promovit.
1262 531 1356 626 Aa

299 655 390 718 cuius
418 654 537 718 famam
561 652 609 716 Ae
633 651 732 736 yptii,
759 674 842 716 vana
869 674 948 737 gens
977 657 1009 718 et
1037 653 1196 719 novandis
1224 650 1356 736 quw

297 741 446 829 gerendis
466 743 573 826 aptior
590 764 624 805 re
648 764 696 826 ns,
720 764 759 806 ex
778 741 844 806 suis
865 741 1003 826 quisque
1021 742 1101 807 vicis
1121 741 1345 826 urbibusque

298 832 362 897 huc
395 830 456 916 ipsi
486 835 683 898 concurrunt
715 832 754 896 ad
783 830 918 894 delenda
950 832 1112 914 praesidia
1138 832 1334 898 Persamm-

297 918 359 996 Qui
383 921 490 985 territi
512 925 621 985 tamen
644 942 734 1004 spem
758 919 918 984 retinendi
941 919 1128 1007 Aegyptum
1152 943 1219 986 non
1242 918 1323 985 omi*

245 1029 276 1075 31
301 1014 419 1074 serunt.
467 1009 531 1074 Sed
554 1032 608 1075 eos
632 1008 793 1094 Amyntas
812 1009 936 1093 proelio
957 1014 1124 1094 superatos
1148 1010 1184 1075 in
1207 1010 1319 1075 urbem

298 1099 453 1183 conpellit
490 1100 668 1184 castrisque
705 1098 821 1182 positis
858 1098 998 1164 victores
1040 1100 1080 1164 ad
1117 1098 1319 1185 populandos

297 1210 402 1275 agros.
449 1188 548 1255 Velut
576 1190 610 1252 in
638 1188 743 1253 medio
767 1187 885 1272 positis
914 1188 1007 1253 bonis
1031 1190 1177 1255 hostium
1206 1191 1314 1255 cuncta

244 1297 278 1344 32
299 1278 489 1363 agebantur:
513 1279 623 1362 itaque
647 1277 802 1355 Mazaces,
828 1300 1023 1361 quamquam
1048 1278 1172 1343 infelici
1196 1277 1313 1364 proelio
1338 1327 1341 1334 .

299 1388 429 1432 suorum
446 1368 571 1432 animos
586 1368 718 1432 territos
737 1389 806 1431 esse
826 1370 1031 1452 cognoverat,
1051 1372 1159 1432 tamen
1174 1368 1313 1453 palantes

298 1460 331 1521 et
364 1458 518 1521 victoriae
539 1457 673 1521 'fiducia
705 1458 854 1521 incautos
887 1460 1053 1521 ostentans
1086 1457 1244 1542 perpulit,
1278 1477 1313 1522 ne

297 1546 484 1611 dubitarent
506 1569 546 1611 ex
565 1545 644 1610 urbe
663 1567 831 1630 erumpere
855 1548 887 1610 et
909 1567 959 1610 res
979 1548 1112 1612 emisses
1132 1546 1331 1632 reciperare

244 1634 333 1701 33Ιᾶ
370 1635 542 1700 consilium
579 1656 646 1700 non
682 1636 807 1700 ratione
840 1634 1032 1718 prudentius
1070 1658 1168 1719 quam
1203 1638 1315 1703 eventu

296 1725 422 1790 felicius
452 1726 529 1789 fuit:
560 1724 600 1789 ad
631 1747 732 1789 unum
762 1744 873 1789 omnes
904 1744 976 1788 cum
1008 1726 1079 1808 ipso
1111 1724 1193 1791 duce
1222 1725 1315 1791 occisi

296 1818 380 1878 sunt.
426 1813 495 1878 Has
518 1835 639 1898 poenas
664 1813 823 1897 Amyntas
847 1814 976 1896 utrique
999 1815 1068 1900 regi
1093 1814 1192 1899 dedit,
1214 1814 1344 1880 nihilos

295 1904 399 2057 :inagis
422 1902 526 2056 eitad
546 1926 641 1987 quem
661 1902 890 1988 transfugerat,
913 1902 997 1967 fidus
1017 1925 1114 1987 quam
1138 1903 1198 2002 illi,
1223 1926 1317 1990 quem

318 2014 488 2057 eseruera.

241 2099 276 2146 31
362 2082 460 2148 Darei
482 2086 660 2167 praetores,
688 2081 744 2165 qui
771 2082 895 2165 proelio
924 2082 1008 2165 apud
1032 2081 1124 2146 Isson
1153 2082 1343 2167 superfuet

296 2175 378 2255 rant,
403 2192 475 2236 cum
500 2170 589 2236 omni
613 2193 719 2253 manu,
742 2192 824 2255 quae
841 2171 1006 2255 fugientes
1030 2175 1140 2237 secuta
1163 2176 1243 2257 erat,
1267 2172 1318 2239 ed·

295 2265 425 2345 sumpta
448 2261 544 2325 etiam
570 2259 795 2344 Cappadocum
821 2265 853 2324 et
877 2259 1123 2347 Paphlagonum
1149 2260 1350 2327 iuventute»

242 2367 275 2416 33
295 2349 428 2434 Lydiam
467 2352 644 2434 reciperare
680 2350 891 2432 temptabant.
951 2347 1150 2436 Antigonus,
1187 2355 1342 2435 praetor'

295 2438 486 2521 Alexandri,
514 2439 637 2523 Lydiae
660 2441 819 2524 praeerat:
844 2440 900 2521 qui
925 2461 1121 2522 quamquam
1144 2439 1319 2525 plerosque

295 2528 437 2593 militum
461 2552 499 2595 ex
523 2527 692 2613 praesidiis
717 2528 757 2592 ad
780 2550 889 2614 regem
914 2527 1090 2613 dimiserat,
1112 2532 1223 2595 tamen
1248 2530 1318 2595 bar·

294 2617 382 2683 baris
406 2618 524 2703 spretis
547 2620 582 2682 in
605 2618 707 2682 aciem
731 2638 806 2681 suos
831 2617 952 2682 eduxit.
997 2617 1120 2682 Eadem
1145 2616 1215 2683 illic
1240 2641 1319 2704 quo·

294 2730 356 2791 que
386 2707 518 2772 fortuna
549 2708 690 2791 partium
718 2706 794 2771 fuit:
830 2706 935 2771 tribus
965 2705 1098 2791 proeliis
1126 2708 1190 2771 alia
1219 2713 1352 2793 atquem

241 2815 275 2863 33
296 2797 359 2861 alia
378 2798 510 2883 regione
525 2796 705 2861 commissis
720 2794 836 2860 Persae
855 2795 1043 2860 funduntur.
1090 2796 1215 2862 Eodem
1237 2801 1318 2862 tem·

367 2943 379 2988 1
397 2936 506 2991 Potitus
521 2937 698 2990 Vindelicus:
718 2935 827 3004 potitur
837 2940 866 2988 Δ.
936 2936 1102 3008 Memphim]
1118 2936 1284 3006 memphym
1291 2943 1319 3004 Ρ,

293 3006 417 3077 memphi
437 3013 467 3061 V.
530 3007 638 3078 copias]
658 3006 748 3075 copiis
766 3013 786 3059 Ι.
801 3025 836 3061 m.
848 3024 893 3075 pr.
913 3012 933 3058 B
951 3025 986 3061 m.
998 3025 1042 3076 pr.
1062 3012 1083 3059 Ρ
1101 3025 1134 3061 m.
1146 3024 1192 3076 pr.
1255 3026 1319 3078 pro-

292 3079 380 3133 movit
393 3085 419 3132 1:
434 3079 594 3148 praemunit
608 3084 637 3131 1.
694 3084 709 3131 2
724 3077 860 3149 Aegyptii
874 3084 900 3131 1:
921 3078 1037 3149 aegypti
1052 3083 1074 3130 Δ
1089 3079 1134 3150 [33
1156 3078 1210 3148 ipti
1224 3081 1268 3152 F]

292 3152 373 3222 gens]
393 3167 477 3218 genes
496 3156 517 3202 F
536 3170 569 3205 m.
586 3169 631 3219 pr.
728 3150 893 3217 3gerendis
913 3150 1018 3221 aptior]
1044 3098 1272 3219 gerendiraptior
1289 3156 1317 3218 P,

293 3222 423 3291 gerendis
443 3222 553 3290 captior
571 3228 600 3288 F,
619 3220 874 3291 gerendiasaptior
892 3227 919 3273 L.
981 3221 1099 3289 quisque
1119 3228 1144 3275 1:
1165 3222 1272 3290 quique
1287 3228 1317 3276 Δ.

293 3298 308 3345 l
328 3294 382 3346 huc
397 3293 453 3362 ipsi
466 3295 576 3362 sampsi:
596 3293 650 3346 hoc
664 3292 756 3361 ipsum
770 3297 801 3345 A.
858 3299 873 3345 5
888 3292 1061 3364 Aegyptum]
1077 3293 1222 3363 aegiptum
1238 3299 1268 3347 Ε.

293 3364 465 3489 omiserunt]⁷
487 3365 656 3419 omisserunt
685 3368 764 3417 BFP.
875 3370 891 3418 6
919 3365 1057 3433 Amyntas
1080 3370 1112 3417 P:
1142 3364 1265 3419 amintas
1292 3371 1316 3419 c.

292 3441 309 3489 8
328 3436 429 3505 positis
467 3435 529 3490 onis
551 3437 665 3505 scripsi:
690 3435 789 3503 positis
810 3435 853 3488 dis
873 3440 955 3501 FBV,
979 3434 1140 3504 positisedis
1159 3442 1194 3502 L,
1217 3436 1317 3505 positi-

293 3507 336 3560 dis
354 3513 375 3560 P
394 3527 427 3562 m.
439 3526 484 3576 pr.
545 3508 746 3561 9Mazaces1.
766 3513 904 3575 m.pr.l',
924 3523 1048 3562 mazeces
1068 3512 1150 3560 ΒΝ.
1213 3513 1247 3562 10
1266 3526 1316 3579 pa·

291 3579 395 3650 lantes]
405 3578 561 3647 patentesv
571 3598 605 3634 m.
612 3596 657 3647 pr.
714 3584 746 3631 11
758 3579 915 3649 ostentans]
926 3580 1072 3633 ostensans
1078 3584 1108 3632 V.
1166 3580 1317 3649 1313133-

292 3651 348 3721 tas]
368 3650 489 3704 amintas
503 3656 556 3703 12.
620 3656 654 3703 20
669 3649 896 3721 Paphlagonum]
910 3651 1112 3720 paphagonum
1127 3655 1154 3703 P.
1211 3656 1251 3718 21,
1263 3651 1315 3721 Ly-

292 3721 380 3793 diam]
400 3722 499 3776 lidiam
519 3729 544 3775 c.
632 3727 665 3775 22
685 3720 803 3791 Lydiae]
823 3720 910 3775 lidiae
929 3729 955 3775 c.
1034 3727 1067 3775 25
1087 3721 1224 3795 partium]
1251 3741 1316 3793 par-

291 3793 365 3848 cium
383 3799 412 3847 1’.
491 3800 524 3847 26
544 3790 712 3863 commissis]
733 3792 873 3847 commisis
892 3798 919 3845 Ρ.
