3150 4459
486 457 740 515 HISTORIARUM
757 456 972 515 ALnXANDRI
990 460 1049 527 VII,
1069 466 1094 513 2.
1235 460 1301 525 209

280 625 422 689 laetitiae
450 624 589 707 speciem
618 624 832 709 praeferente,
864 624 906 688 ad
932 624 1199 710 conplectendum
1227 645 1301 688 eum

281 714 421 779 cucurrit
445 717 620 796 mutuaque
644 712 839 777 salutatione
861 714 948 779 facta
966 712 1159 796 Polydamas
1183 712 1302 796 epistu-

280 806 345 868 lam
370 826 389 867 a
411 825 486 889 rege
509 804 663 887 scriptam
687 802 717 866 ei
739 802 881 866 tradidit.
912 803 1114 867 Parmenion
1136 802 1301 866 vinculum
1321 818 1356 866 25

281 893 439 977 epistulae
462 893 600 974 solvens,
624 892 777 976 quidnam
796 913 853 956 rex
872 895 990 978 ageret,
1012 891 1205 975 requirebat.
1242 889 1302 956 Ille

254 1004 324 1048 aex>
350 982 430 1065 ipsis
463 982 580 1045 litteris
612 982 819 1067 cogniturum
852 1003 920 1046 esso
953 979 1127 1065 respondit.
1179 979 1303 1056 Quibus
1322 996 1356 1044 26

280 1071 474 1134 Parmenion
492 1071 598 1135 lectis:
623 1069 726 1155 ‘Rex',
749 1070 865 1155 inquit,
888 1070 1137 1155 ‘expeditionem
1157 1073 1251 1155 parat
1269 1068 1303 1132 in

280 1160 484 1225 Arachosios.
532 1159 705 1224 Strenuum
732 1159 899 1224 hominem
926 1163 960 1224 et
981 1179 1158 1242 numquam
1182 1180 1304 1222 cessan-

279 1252 358 1313 tem!
398 1248 460 1313 Sed
489 1253 616 1333 tempus
644 1250 742 1314 saluti
770 1270 846 1313 suae
874 1252 965 1313 tanta
994 1249 1059 1312 iam
1083 1250 1178 1333 parta
1200 1246 1305 1333 gloria

280 1338 432 1424 parcere’.
478 1336 624 1402 Alteram
649 1336 763 1402 deinde
796 1337 969 1422 epistulam
992 1336 1142 1402 Philotae
1173 1336 1303 1401 nomine
1324 1354 1357 1401 ‘rr

241 1429 435 1511 ascriptam
458 1427 572 1511 laetus,
596 1427 682 1511 quod
706 1449 745 1490 ex
766 1426 857 1491 vultu
878 1426 986 1492 notari
1003 1430 1140 1511 poterat,
1163 1424 1304 1511 legebat:

281 1520 352 1580 tum
376 1517 444 1583 eius
467 1518 552 1581 latus
576 1517 686 1602 gladio
710 1517 821 1581 haurit
834 1514 999 1599 Cleander,
1022 1515 1137 1581 deinde
1156 1515 1308 1600 iugulum*

248 1606 369 1689 aferic,
403 1606 502 1670 ceteri
534 1607 718 1669 exanimum
747 1627 876 1689 quoque
900 1606 1098 1670 confodiunt.
1144 1604 1188 1668 Et
1212 1603 1306 1667 armi·
1324 1620 1358 1668 aa

282 1696 364 1780 geri,
397 1697 454 1778 qui
477 1695 522 1759 od
537 1696 682 1777 primam
705 1694 832 1759 aditum
854 1694 996 1759 nemoris
1020 1694 1225 1777 adstiterant,
1255 1713 1306 1757 oo-

282 1786 372 1869 gnita
402 1784 510 1867 caede,
542 1785 633 1848 ouius
663 1805 759 1849 causa
785 1784 1011 1868 ignorabatur,
1043 1785 1078 1847 in
1105 1786 1210 1848 castra
1229 1797 1306 1867 ¹per-

242 1875 416 1939 reveniunt
449 1876 482 1937 et
511 1873 713 1937 tumultuoso
740 1873 856 1937 nuntio
885 1873 1006 1938 milites
1034 1874 1207 1936 concitant.
1252 1869 1305 1935 Illi
1325 1888 1359 1935 29

282 1964 397 2027 armati
416 1962 457 2025 ad
475 1982 598 2044 nemus,
622 1962 655 2025 in
675 1982 739 2045 quo
754 1966 940 2047 perpetrata
958 1961 1069 2027 caedes
1089 1964 1166 2044 erat,
1187 1964 1305 2026 coeunt

283 2057 327 2135 et,
360 2054 394 2115 ni
417 2049 611 2134 Polydamas
644 2050 807 2134 ceterique
835 2051 977 2116 eiusdem
1004 2072 1106 2116 noxae
1130 2049 1312 2135 participes

283 2141 452 2223 dedantur,
485 2162 614 2204 murum
646 2141 878 2205 circumdatum
910 2140 1036 2205 nemori
1065 2161 1231 2204 eversuros
1256 2138 1306 2203 do-

282 2232 434 2294 nuntiant
458 2229 669 2312 omniumque
692 2229 849 2316 sanguine
872 2229 946 2294 duci
963 2232 1200 2315 parentaturos.
1238 2226 1307 2291 dle-
1327 2245 1362 2293 30

242 2319 381 2386 neander
399 2320 557 2402 primores
577 2340 689 2383 eorum
708 2317 884 2383 intromitti
902 2319 992 2383 iubet
1011 2319 1200 2401 litterasque
1221 2317 1306 2403 regis

284 2410 421 2493 scriptas
446 2408 485 2472 ad
504 2407 624 2472 milites
643 2408 767 2491 recitat,
792 2408 910 2492 quibus
929 2407 1065 2472 insidiae
1083 2407 1307 2472 Parmenionis

284 2500 317 2561 in
341 2520 450 2583 regern
472 2519 657 2581 precesque,
679 2501 718 2561 ut
740 2498 847 2582 ipsum
869 2497 1078 2581 vindicarent,
1102 2495 1307 2562 contineban-

284 2592 346 2651 tur.
392 2585 498 2672 lgitur
530 2588 661 2672 cognita
692 2589 778 2673 regis
810 2587 977 2651 uoluntate
1009 2608 1075 2650 non
1106 2585 1236 2669 quidem
1260 2587 1308 2647 in·
1327 2602 1359 2650 31

284 2676 443 2762 dignatio,
477 2676 532 2740 sed
564 2680 674 2740 tamen
703 2676 820 2739 seditio
853 2696 1025 2759 conpressa
1055 2678 1112 2739 est.
1162 2673 1307 2757 Dilapsis

358 2856 371 2902 1
391 2849 579 2922 praeferente]
605 2850 781 2918 praeferente
805 2856 826 2902 P
846 2868 880 2904 m.
897 2868 944 2919 pr.
1037 2842 1205 2919 Poucurrit]
1226 2864 1308 2901 cuon-

283 2922 322 2974 rit
335 2928 363 2975 Ι..
419 2923 573 2988 mutuaque
592 2923 700 2975 Laeter:
719 2922 849 2975 mutuata
864 2929 889 2987 c,
906 2923 1038 2975 mutuatu
1052 2926 1080 2974 P.
1136 2919 1307 2973 salutatione

283 2994 395 3060 scripsi:
415 2993 605 3061 gratulatione
620 2998 651 3045 Δ.
726 2993 805 3047 faeta
822 2994 979 3048 Beothius:
1005 2991 1098 3045 functi
1116 2996 1146 3044 Δ.
1225 2989 1308 3059 Poly-

286 3066 383 3117 damas
397 3070 423 3115 1:
443 3064 642 3132 polidamash.
699 3064 909 3136 8Parmenion]
928 3063 1112 3132 parmoenion
1126 3067 1154 3116 B.
1211 3061 1309 3128 6Par-

284 3136 410 3206 menion]
424 3135 608 3203 parmoenion
622 3140 651 3188 B.
713 3134 819 3207 inquit]
838 3134 939 3204 inquid
957 3140 1012 3188 LV.
1080 3132 1214 3204 8saluti]
1233 3132 1308 3186 salu-

285 3208 363 3259 tisv.
419 3207 512 3277 tanta]
526 3209 609 3259 tanta
618 3212 646 3259 P.
701 3207 797 3277 parta]
810 3201 887 3275 parti
899 3212 929 3259 v.
986 3204 1156 3276 9Philotae]
1171 3203 1308 3274 phylotae

286 3283 338 3330 m..
433 3283 463 3329 11
490 3278 598 3349 haurit]
618 3278 694 3332 aurit
706 3283 737 3330 V.
830 3275 968 3331 Cleander
999 3277 1129 3330 cleandre
1143 3282 1172 3340 P,
1191 3275 1308 3329 cleandc

285 3355 353 3402 Lm.
366 3367 410 3417 pr.
487 3356 518 3402 12
537 3349 615 3420 ferit]
635 3349 737 3403 feeerit
751 3354 807 3402 PV.
880 3348 967 3402 ceteri
998 3350 1123 3403 ceterum
1141 3353 1169 3400 P.
1244 3363 1309 3400 con-

285 3421 410 3491 fodiunt]
431 3420 599 3474 confudiunt
613 3426 640 3472 P.
734 3426 768 3474 13
787 3419 837 3488 qui
861 3421 898 3474 ad
914 3421 1039 3489 priorum
1062 3418 1172 3473 aditum
1194 3419 1307 3488 smrpai:

286 3491 356 3559 quid
371 3492 481 3545 aditum
499 3498 526 3559 P,
547 3491 596 3560 qui
615 3491 726 3545 aditum
741 3497 766 3544 c.
849 3497 882 3544 16
902 3490 1015 3574 coeunt]
1034 3491 1161 3559 quoeunt
1178 3496 1202 3542 V
1216 3508 1250 3544 m.
1261 3506 1307 3560 pr.

289 3569 320 3616 17
341 3562 511 3631 Polydamas
528 3569 554 3616 1:
573 3562 732 3632 polidamas
747 3568 778 3616 Δ.
853 3568 886 3616 18
904 3578 1013 3616 nemon
1032 3562 1187 3633 eversuros]
1199 3577 1308 3629 memo-

286 3635 346 3687 riae
359 3650 489 3687 uersuros
506 3641 534 3687 P.
608 3634 789 3705 denuntiant]
805 3633 969 3688 denutrIant
982 3639 1035 3689 PP.
1097 3638 1130 3686 19
1145 3632 1222 3703 duci]
1238 3632 1310 3686 duce

287 3712 354 3759 Pm.
366 3724 411 3774 pr.
495 3712 528 3759 20
547 3705 695 3829 primoresl}
714 3706 822 3775 priores
841 3710 910 3759 Bm.
921 3722 966 3773 pr.
981 3710 1003 3758 P
1017 3722 1051 3759 m.
1063 3722 1107 3774 pr.
1123 3710 1150 3757 P.
1222 3703 1311 3757 intro·

286 3777 363 3830 mitti
377 3784 402 3829 1:
423 3777 575 3830 intermitti
587 3782 618 3831 Δ.
697 3776 879 3848 armenionis]
899 3774 1108 3846 parmoenionis
1123 3780 1151 3829 B.
1208 3774 1311 3849 alsni-

287 3849 389 3919 lapsis]
409 3848 533 3917 delapsis
551 3854 579 3901 P.
957 3886 960 3889 -
1145 3862 1157 3887 1
1197 3904 1200 3910 ¹
1242 3857 1244 3859 ’
1312 3881 1314 3884 -

342 3947 446 3989 Ouurms
463 3949 546 3989 Rarus
560 3948 594 3988 ed.
609 3948 748 3990 Hedicke.
776 3948 821 3990 Ed.
835 3946 918 3991 maier.
1125 3940 1168 3987 Ἄ
