3150 4459
585 1041 633 1142 Q.
659 1040 1027 1123 occursuri

663 1238 945 1299 HISTORIARUM

383 1361 1219 1531 ucsxruueiurcur

673 1641 932 1708 MACEDONIS

712 1854 823 1908 LIBER
841 1854 900 1907 VII.

269 2045 282 2097 Ι
362 2037 515 2102 Philotan
540 2038 624 2102 sicut
648 2036 830 2101 recentibus
850 2035 979 2101 sceleris
994 2037 1063 2099 eius
1078 2035 1225 2121 vestigiis
1249 2037 1354 2100 iurel

294 2126 457 2192 adfectum
488 2126 648 2210 supplicio
682 2129 873 2192 censuerant
902 2123 1032 2208 milites,
1063 2126 1121 2208 ita,
1145 2128 1322 2208 postquam

295 2216 432 2281 desierat
456 2238 538 2298 esse,
561 2237 658 2298 quem
681 2215 838 2299 odissent,
866 2214 987 2278 invidia
1010 2215 1044 2277 in
1067 2213 1321 2278 misericordiam

258 2307 398 2370 avertit.
445 2305 592 2369 Moverat
623 2308 656 2367 et
687 2304 817 2369 claritas
847 2303 971 2368 iuvenis
1000 2308 1032 2367 et
1054 2304 1157 2387 petris
1181 2303 1250 2366 eius
1274 2326 1323 2367 se

258 2398 408 2459 enectus
441 2396 537 2478 atque
566 2393 697 2458 orbitas.
743 2393 872 2457 Primus
902 2391 1015 2456 Asiam
1045 2395 1214 2475 aperuerat
1241 2394 1323 2477 regi,
1351 2418 1364 2456 s

296 2484 440 2548 omnium
462 2482 681 2568 periculorum
701 2484 770 2547 eius
787 2481 950 2570 particeps
974 2503 1101 2566 semper
1124 2482 1262 2545 alterum
1286 2482 1322 2545 in

294 2572 363 2637 acie
390 2594 492 2637 cornu
522 2572 722 2653 defenderat,
752 2570 907 2656 Philippo
938 2592 1069 2653 quoque
1101 2574 1176 2633 ante
1208 2592 1322 2636 omnes

294 2662 417 2726 amicus
441 2666 474 2725 et
496 2662 560 2745 ipsi
574 2661 760 2725 Alexandro
783 2664 851 2725 tem
869 2660 963 2742 fidus,
981 2663 1019 2724 ut
1042 2659 1209 2724 occidendi
1227 2658 1323 2723 Atta·

259 2749 363 2815 llum
392 2773 459 2815 non
486 2750 550 2815 alio
581 2750 731 2815 ministro
757 2750 807 2814 uti
836 2748 955 2813 mallet.
1005 2747 1132 2813 Horum
1164 2748 1322 2833 cogitatio

295 2840 427 2905 subibat
450 2840 637 2919 exercitum,
660 2839 896 2923 seditiosaeque
919 2859 1014 2902 voces
1037 2838 1258 2902 referebantur
1281 2840 1323 2902 ad
1338 2865 1365 2903 rc

294 2950 413 3014 regem.
460 2928 539 3005 Quis
567 2929 623 2993 ille
649 2929 737 2994 haud
765 2951 842 2993 saue
869 2931 976 2992 motus
1005 2928 1149 3010 satisque
1171 2927 1323 3012 prudens,

296 3018 356 3083 otii
380 3019 459 3082 vitia
482 3019 615 3105 negotio
635 3018 762 3100 discuti,
786 3016 893 3100 edicit,
916 3022 953 3081 ut
968 3038 1077 3081 omnes
1101 3018 1136 3081 in
1159 3016 1322 3081 vestibulo

260 3108 403 3192 aregiae
433 3113 563 3191 praesto
593 3107 668 3172 sint.
715 3106 804 3183 Quos
832 3106 889 3171 ubi
916 3105 1101 3189 frequentes
1133 3106 1242 3170 adesse
1272 3127 1322 3169 co-

296 3197 420 3282 gnovit,
443 3198 680 3261 incentionem
702 3197 868 3280 processit.
909 3194 1009 3260 Haud
1028 3194 1123 3259 dubie
1143 3218 1182 3259 ex
1207 3217 1323 3278 conpo-

371 3468 384 3513 1
404 3460 551 3533 Philotan]
569 3460 709 3530 phylotae
724 3466 803 3513 ΜΡ.
878 3467 893 3513 2
914 3461 1093 3531 censuerant]
1114 3463 1275 3514 cessuerant
1295 3467 1320 3512 c.

297 3537 313 3584 3
333 3532 471 3605 odissent]
486 3533 665 3588 odiessentl’.
718 3532 850 3656 batque]
864 3532 956 3599 adque
966 3538 994 3584 L.
1052 3537 1066 3583 7
1082 3533 1155 3603 acie]
1171 3533 1266 3585 atior.

295 3602 441 3675 Philippo]
458 3604 597 3674 phylippo
611 3609 692 3656 BLV.
737 3608 754 3656 8
768 3604 838 3657 Atta
850 3604 910 3674 um]
925 3604 1053 3657 adtalum
1067 3610 1095 3656 1..
1141 3609 1156 3657 9
1171 3603 1322 3674 cogitatio]

296 3674 438 3745 cogitacio
457 3682 487 3729 v.
577 3681 609 3728 10
629 3675 851 3746 seditiosaeque]
871 3675 1083 3744 sediciosaeque
1103 3681 1132 3727 V.
1222 3680 1254 3727 12
1274 3692 1323 3727 ne·

296 3746 388 3820 gotio]
405 3748 522 3819 negotia
540 3753 568 3800 Ρ.
644 3752 676 3800 13
696 3747 807 3817 adesse]
829 3746 926 3800 abesse
946 3752 973 3798 Ρ.
