3150 4459
453 420 705 483 Hieroamaun
723 427 936 483 ALEXANDRI
954 428 999 497 ΙΠ,
1020 432 1061 485 11.
1222 428 1265 495 33

236 616 313 658 esse
342 594 525 658 morituras.
581 592 766 659 Leonnatus
795 596 827 656 et
854 594 961 659 vivere
989 593 1131 659 Dareum
1159 597 1206 660 uit
1233 598 1319 659 6111

237 685 333 768 ipsas
352 704 418 747 non
432 682 609 748 incolumes
623 682 734 766 modo,
753 682 808 747 sed
828 683 924 747 etiam
940 689 1097 768 apparatu
1111 684 1266 767 pristinae

239 774 396 837 fortunae
415 773 543 858 reginas
565 772 642 837 fore.
690 772 772 836 Tum
793 772 922 837 demum
942 771 1040 837 Darei
1058 778 1160 839 mater
1183 775 1267 839 adle-

241 862 316 926 vari
340 884 374 926 se
397 884 491 946 passa
515 863 571 925 est.

196 948 227 1016 ⁷01
313 949 496 1015 Alexander
518 953 649 1035 postero
674 951 725 1014 die
748 972 822 1015 cum
846 973 922 1015 eura
945 953 1080 1035 sepultis
1098 952 1266 1038 militibus,
1287 971 1319 1019 13

211 1062 386 1125 equorum
411 1062 546 1125 corpora
563 1042 738 1125 invenerat,
760 1040 931 1105 Persarum
953 1063 1081 1126 quoque
1105 1041 1267 1106 nobilissi-

244 1130 308 1196 mis
342 1129 476 1194 eundem
510 1128 666 1195 honorem
704 1130 816 1195 haberi
854 1131 943 1195 iubet
976 1133 1136 1216 matrique
1169 1130 1266 1197 Darei

243 1220 417 1305 permittit,
440 1240 521 1303 quos
541 1219 647 1303 vellet,
669 1220 775 1304 patrio
794 1242 884 1285 more
903 1221 1060 1304 sepeliret.
1107 1220 1168 1285 Illa
1190 1245 1265 1305 pau·
1287 1239 1320 1287 14

201 1317 205 1324 “
244 1332 300 1375 cos
320 1313 391 1373 arta
404 1310 648 1393 propinquitate
667 1310 857 1375 coniunctos
875 1331 935 1395 pro
954 1309 1068 1374 habitu
1087 1314 1266 1394 praesentis

195 1423 232 1470 υ
244 1399 396 1463 fortunae
413 1398 540 1462 humari
561 1398 664 1480 iussit,
683 1404 872 1484 apparatum
892 1400 1052 1483 funerum,
1071 1422 1135 1483 quo
1150 1400 1265 1465 Persae

245 1510 398 1573 suprema
417 1488 526 1554 officia
540 1487 746 1571 celebrarent,
766 1487 962 1553 invidiosum
981 1489 1050 1553 fore
1070 1490 1266 1570 existimans,

245 1599 320 1643 curn
335 1578 473 1642 victores
493 1575 581 1641 haud
594 1577 735 1660 pretiose
750 1583 976 1642 cremarentur.
1022 1577 1157 1662 Iamque
1172 1580 1265 1643 iustis
1287 1596 1319 1643 15

245 1667 470 1732 defunctorum
495 1667 684 1751 corporibus
708 1667 824 1732 solutis
847 1668 1028 1752 praemittit
1052 1668 1090 1731 ad
1115 1668 1267 1752 captivas,

245 1757 301 1841 qui
326 1757 514 1821 nuntiarent
537 1756 644 1840 ipsum
669 1757 787 1839 venire,
816 1749 1018 1840 inhibrtaque
1043 1758 1266 1822 comitantium

196 1873 230 1920 ,11
244 1846 343 1910 turba
356 1845 599 1910 tabernaculum
615 1866 688 1908 cum
702 1844 944 1930 Hephaestione
958 1848 1067 1910 intrat.
1113 1845 1146 1911 Is
1169 1848 1266 1933 longe
1287 1865 1320 1913 16

196 1935 199 1958 ³
245 1935 393 2000 omnium
403 1934 580 2000 amicorum
592 1935 776 1999 carissimus
792 1939 861 2000 erat
874 1936 956 2021 regi:
971 1957 1042 1999 oum
1059 1936 1266 2020 ipso'pariter

244 2024 395 2109 eductus,
423 2029 619 2089 secretorum
642 2026 787 2089 omnium
812 2025 931 2089 arbiter
953 2024 1114 2089 libertatis
1138 2048 1266 2109 quoque

196 2136 201 2238 p
243 2114 280 2179 in
298 2114 501 2178 admonendo
526 2135 653 2178 eonon
677 2114 759 2178 alius
782 2113 857 2198 plus
876 2114 1025 2199 habebat,
1049 2115 1134 2197 quod
1159 2119 1266 2180 tamen

196 2241 197 2248 1
246 2203 292 2267 ita
311 2203 496 2288 usurpabat,
519 2208 556 2267 ut
575 2204 678 2288 magis
703 2226 816 2289 aroge
834 2205 1027 2289 permissum
1047 2226 1143 2288 quarn
1163 2204 1265 2268 vindi-

196 2315 231 2361 ce
245 2297 355 2359 catum
380 2293 420 2356 ab
445 2314 482 2357 eo
502 2293 673 2358 videretur.
719 2292 764 2358 Et
783 2293 866 2357 sicut
886 2298 990 2358 aetate
1013 2316 1072 2376 par
1095 2299 1163 2358 erat
1187 2295 1266 2379 regi,

244 2384 292 2446 ita
316 2384 462 2466 corporis
480 2382 595 2446 habitu
617 2385 816 2466 praestabat:
841 2404 917 2469 ergo
936 2386 1066 2469 reginae
1085 2383 1178 2448 illum
1197 2405 1266 2447 esse
1287 2401 1319 2449 17

196 2467 197 2474 '
242 2473 468 2559 regem'ratae
496 2493 555 2536 suo
583 2493 672 2536 more
695 2475 865 2536 veneratae
894 2477 978 2538 sunt.
1024 2470 1103 2536 Inde
1131 2495 1170 2537 ex
1194 2496 1266 2556 cap-

196 2614 197 2620 ,
242 2561 320 2627 tivis
345 2560 556 2645 spadonibuS,
584 2562 656 2646 quis
679 2560 862 2626 Alexander
885 2565 982 2647 esset,
1010 2563 1266 2626 monstrantibus

196 2683 197 2687 ¹
245 2648 440 2737 Sisigambis
474 2650 627 2715 advoluta
664 2654 712 2715 est
749 2651 885 2735 pedibus
924 2652 991 2715 eius
1030 2652 1266 2737 ignorationem

196 2764 230 2807 :u
244 2762 423 2824 numquam
447 2745 541 2804 antea
564 2742 627 2805 visi
649 2740 735 2825 regis
754 2761 919 2805 excusans.
967 2739 1069 2817 Quam
1093 2764 1191 2805 manu
1215 2741 1266 2805 ad-

196 2861 200 2902 1
242 2829 356 2895 levans
384 2851 454 2894 rex:
484 2828 571 2895 ‘Non
599 2830 734 2910 errasti’,
757 2828 877 2914 inquit,
902 2829 1029 2895 ‘maten
1058 2853 1133 2894 nam
1158 2835 1190 2894 et
1212 2830 1266 2895 hic

196 2913 430 3012 ptulexander
453 2919 522 2983 est'.
568 2918 730 3003 Equidem
753 2918 814 2983 hac
834 2920 1033 2983 continentia
1052 2920 1150 2983 animi
1175 2922 1202 2984 si
1226 2922 1266 2984 ad
1287 2937 1319 2984 18

196 3025 199 3096 ζ
242 3008 397 3074 ultimum
422 3008 508 3073 vitae
531 3030 734 3092 perseverare
758 3009 933 3092 potuisset,
960 3008 1137 3073 feliciorem
1166 3010 1265 3074 fuisse

317 3191 330 3238 1
353 3186 403 3239 ait
420 3185 485 3239 add.
501 3185 606 3255 Stangl.
699 3191 714 3237 ὅ
735 3185 793 3257 die]
813 3184 859 3239 dei
877 3192 905 3238 1..
997 3189 1013 3237 8
1032 3184 1185 3255 permittit]
1203 3203 1266 3254 per-

240 3257 320 3311 mitti
340 3261 613 3325 Lm.pr.1’m.pr.
671 3262 703 3310 11
723 3257 865 3327 suprema]
885 3272 1035 3324 supprema
1049 3261 1077 3322 Β,
1097 3273 1266 3325 suppraema

240 3335 299 3382 Π.
397 3328 578 3399 invidiosum]
602 3328 709 3382 invidio
731 3333 805 3381 Pm.
823 3346 868 3397 pr.
981 3334 1012 3381 12
1031 3328 1129 3453 haudp)
1147 3329 1216 3382 haut
1235 3334 1265 3382 V.

243 3406 276 3455 13
296 3400 469 3470 praemittit]
488 3399 655 3467 praemittat
673 3405 703 3452 V.
778 3406 811 3453 14
831 3398 1020 3470 inhibitaque]
1042 3400 1110 3453 inha
1130 3398 1227 3468 itaque
1245 3405 1266 3452 P

239 3490 276 3527 m.
294 3488 341 3541 pr.
457 3478 489 3525 15
515 3471 725 3540 Hephaestione
750 3472 866 3540 Corpus:
900 3471 1064 3539 ephestione
1088 3476 1118 3524 Δ.
1227 3472 1265 3542 16]

238 3544 298 3597 hiis
313 3548 346 3595 V.
407 3549 440 3597 16
458 3543 683 3667 pariterquarite
698 3549 718 3595 B
732 3561 767 3597 m.
777 3561 824 3612 pr.
839 3548 895 3596 Π.
953 3548 984 3595 11
1006 3542 1135 3614 eductus]
1151 3544 1266 3597 edoctus

238 3620 326 3669 m
384 3614 501 3686 arbiter]
519 3615 571 3668 har
591 3616 646 3669 iter
663 3621 691 3668 1..
749 3619 781 3668 18
800 3614 865 3683 plus
884 3615 1004 3683 Ieepiue:
1024 3614 1069 3667 ius
1088 3620 1118 3667 Δ.
1180 3615 1266 3668 habe-

237 3687 305 3759 bat]
325 3684 430 3740 habeat
448 3691 476 3739 1³.
532 3692 566 3740 20
585 3687 621 3740 ab
641 3687 686 3758 eo]
705 3686 796 3740 babeo
816 3691 846 3739 V.
908 3691 941 3738 22
961 3686 1093 3757 captivis]
1113 3687 1223 3754 captuis
1237 3692 1265 3740 Ρ.

238 3766 275 3814 24
291 3756 483 3884 dSisigambis]
507 3758 664 3812 sisicambis
683 3763 716 3826 Ρ,
740 3757 893 3811 sisiiambis
912 3763 941 3811 Ε.
1033 3764 1067 3810 26
1090 3758 1195 3828 inquit]
1224 3759 1266 3810 in-

237 3830 290 3901 qui
332 3834 363 3883 V.

297 3929 545 3971 emmeramus.
561 3929 698 3971 Hedicke,
728 3930 771 3971 nd.
788 3932 872 3975 mator.
1101 3926 1121 3975 'b
