3150 4459
450 447 705 504 HISTORIARUM
724 446 940 501 ALEXANDRI
958 446 1018 514 VII,
1038 451 1062 501 3.
1078 454 1102 499 4.
1221 446 1288 509 215

264 611 374 675 amicis
399 611 598 696 ducibusque
621 612 788 695 copiarum
802 611 887 674 inter
910 609 1022 696 epulas
1041 610 1079 674 de
1102 609 1188 675 bello
1213 631 1286 674 con-

263 699 415 765 sultabat.
468 700 588 766 Graves
620 722 709 765 mero
738 722 812 765 suas
839 700 923 765 vires
948 698 1116 781 extollere,
1142 699 1325 764 hostiumr

264 810 350 852 nunc
373 790 596 872 temeritatem,
618 810 705 853 nunc
727 788 923 873 paucitatem
942 810 1093 873 spernere
1116 788 1285 872 incipiunt.

264 878 440 962 Praecipue
472 879 591 944 Bessus
628 879 720 945 ferox
757 877 864 943 verbis
901 881 933 942 et
965 881 1058 961 parto
1090 900 1149 962 per
1181 877 1322 943 seclusa

236 989 363 1051 aregnc
397 969 554 1052 superbus
587 990 625 1033 ac
649 970 702 1033 vix
730 971 845 1051 potens
873 967 993 1033 mentis
1021 967 1125 1031 dicere
1150 964 1284 1031 orditur:

264 1057 411 1120 socordia
443 1057 539 1123 Darei
571 1059 707 1123 crevisse
742 1056 886 1121 hostium
918 1056 1047 1121 famam.
1102 1053 1323 1120 Occurrisse4

264 1144 349 1210 enim
378 1147 413 1209 in
437 1145 567 1212 Ciliciae
595 1146 836 1233 angustissimis
861 1144 1023 1229 faucibus,
1051 1166 1124 1209 cum
1148 1148 1286 1210 retroce-

264 1234 368 1299 dendo
395 1240 507 1319 posset
533 1237 709 1320 perducere
736 1234 885 1300 incautos
911 1234 947 1298 in
969 1233 1041 1299 loca
1063 1237 1197 1299 naturae
1221 1235 1285 1299 situ

263 1327 348 1404 tuta,
378 1328 428 1388 tot
460 1326 649 1390 fluminibus
682 1324 832 1410 obiectis,
864 1327 916 1389 tot
947 1324 1108 1388 montium
1144 1322 1287 1407 latebris,

221 1412 348 1481 winter
371 1435 451 1496 quas
470 1414 687 1498 deprehensus
704 1414 811 1479 hostis
829 1435 870 1478 ne
887 1413 984 1499 fugae
1007 1412 1146 1497 quidem,
1167 1413 1286 1476 nedum

262 1502 431 1566 resistendi
462 1505 665 1570 occasionem
692 1502 793 1567 fuerit
819 1501 1000 1567 habiturus.
1056 1500 1126 1566 Sibi
1158 1499 1321 1585 placeret

262 1590 297 1654 in
329 1589 510 1677 Sogdianos
541 1592 700 1657 recedere:
738 1589 845 1655 Oxum
878 1613 1005 1657 amnem
1037 1590 1128 1655 velut
1156 1612 1284 1654 murum

263 1680 465 1745 obiecturum
496 1681 596 1764 hosti,
629 1681 707 1746 dum
743 1702 781 1743 ex
815 1680 963 1745 finitimis
995 1680 1147 1765 gentibus
1180 1680 1287 1746 valida

262 1769 382 1833 auxilia
413 1774 646 1835 concurrerent.
693 1769 858 1834 Venturos
886 1773 995 1833 autem
1019 1767 1226 1833 Chorasmios
1254 1772 1321 1833 eto

220 1886 247 1925 15
262 1857 370 1922 Dahas
395 1856 554 1943 Sacasque
583 1863 615 1923 et
642 1857 739 1923 indos
768 1862 801 1922 et
829 1858 916 1923 ultra
937 1856 1061 1922 Tanain
1085 1880 1211 1922 amnem
1235 1878 1286 1923 co-

262 1948 364 2010 lentes
390 1946 542 2030 Scythas:
571 1969 709 2031 quorum
737 1948 898 2013 neminem
922 1947 1001 2011 adeo
1026 1946 1182 2011 humilem
1207 1968 1286 2030 esse,

262 2039 298 2098 ut
321 2035 447 2100 humeri
471 2036 540 2101 eius
559 2060 627 2101 non
644 2039 778 2121 possent
796 2036 982 2102 Macedonis
1002 2035 1115 2100 militis
1133 2035 1285 2117 verticem

262 2147 406 2208 aequare.
436 2124 647 2190 Conclamant
670 2124 842 2191 temulenti
864 2148 961 2190 unam
984 2124 1068 2189 hanc
1092 2125 1284 2189 sententiam
1306 2140 1320 2187 τ

262 2214 424 2278 salubrem
457 2237 541 2280 esse:
573 2220 606 2281 et
633 2215 753 2280 Bessus
786 2216 985 2281 circumferri
1014 2236 1139 2278 merum
1162 2214 1285 2299 largius

209 2311 247 2365 16
263 2304 353 2367 iubet
381 2303 600 2368 debellaturus
633 2326 729 2388 super
757 2326 900 2369 mensam
929 2302 1159 2369 Alexandrum.
1204 2302 1321 2368 Erat8

220 2420 246 2458 ar
262 2393 296 2456 in
323 2413 361 2455 eo
386 2393 534 2457 convivio
559 2392 715 2477 Gobares,
743 2393 874 2458 natione
897 2392 1028 2477 Medus,
1060 2392 1117 2456 sed
1140 2394 1285 2477 magicae

262 2482 340 2544 artis
360 2520 402 2527 -
422 2483 449 2547 si
473 2484 570 2547 modo
590 2505 641 2547 ars
664 2488 721 2567 est,
745 2504 811 2547 non
834 2482 999 2547 vanissimi
1024 2482 1179 2565 cuiusque
1203 2480 1285 2545 ludi-

262 2571 367 2633 brium
397 2610 440 2617 —
475 2572 587 2657 magis
616 2570 818 2656 professione
851 2593 948 2656 quam
985 2571 1119 2636 scientia
1151 2569 1285 2654 celeber,

261 2659 384 2743 alioqui
407 2661 590 2725 moderatus
613 2664 646 2725 et
668 2661 800 2745 probus.
846 2659 877 2725 Is
909 2682 982 2726 cum
1011 2660 1174 2744 praefatus
1193 2662 1322 2740 assate

334 2913 349 2958 5
369 2924 402 2960 ac
421 2908 479 2978 vix]
498 2906 551 2960 hac
569 2907 614 2960 uis
632 2912 663 2961 v.
746 2906 867 2977 orditur]
887 2905 977 2960 oritur
993 2912 1023 2974 1³,
1041 2905 1136 2959 oditur
1154 2909 1177 2956 V
1192 2923 1226 2959 uc.
1237 2922 1283 2973 pr.

262 2984 277 3028 6
298 2978 438 3049 socordia]
458 2977 584 3033 secordia
603 2985 628 3031 c.
710 2976 882 3061 Occurrisse]
902 2977 1040 3031 occurisse
1054 2982 1083 3042 Ρ,
1102 2976 1237 3031 ocurrisse
1252 2981 1283 3029 V.

263 3054 277 3099 7
298 3048 425 3119 Ciliciae]
449 3048 557 3103 cilitiae
579 3054 610 3102 V.
685 3048 906 3121 angustissims]
930 3047 1124 3118 angustissimi
1138 3053 1171 3113 Ρ,
1195 3062 1284 3117 angu-

262 3120 374 3172 scissia*
388 3126 419 3173 V.
476 3126 491 3173 8
507 3122 564 3174 situ
578 3122 641 3173 tuta
653 3121 809 3175 Bcatlcius:
829 3121 867 3174 sit
881 3122 930 3173 aut
944 3124 974 3174 Δ,
1032 3125 1065 3173 10
1080 3119 1284 3191 deprehensus]

262 3191 432 3260 dephensius
447 3197 477 3244 v.
570 3190 714 3244 reorum
729 3193 836 3247 Laucr:
857 3208 929 3245 exun
943 3196 974 3245 A.
1060 3207 1172 3244 murum
1186 3206 1237 3244 car.
1252 3195 1283 3245 V.

263 3267 296 3315 13
311 3262 498 3333 obiecturum]
514 3262 690 3315 abiecturum
703 3267 734 3316 v.
789 3262 878 3334 hosti]
892 3262 989 3317 ostiv.
1047 3268 1080 3315 14
1094 3260 1284 3333 Chorasmios]

262 3334 423 3387 chorasmos
442 3340 470 3387 Ε.
544 3338 577 3386 15
596 3332 692 3387 Dahas
711 3334 815 3389 Aldus:
836 3333 903 3388 deas
922 3339 953 3389 A.
1020 3332 1160 3402 Sacasque
1181 3332 1283 3388 Frobe·

261 3408 338 3459 uiue:
360 3421 499 3474 sagasque
518 3411 548 3459 Δ.
638 3410 670 3459 16
690 3404 823 3477 Scythas]
843 3408 937 3474 scytae
956 3412 973 3457 c
992 3404 1091 3476 [scitas
1110 3404 1153 3475 V]
1235 3422 1284 3457 ne·

261 3477 378 3547 minem]
393 3477 535 3530 nominem
544 3482 571 3530 Ρ.
637 3476 720 3547 adeo]
733 3476 799 3530 ideo
813 3482 843 3531 v.
910 3483 942 3530 17
962 3474 1084 3547 humeri]
1100 3475 1190 3529 umeri
1200 3481 1228 3528 1..

261 3565 316 3601 non
336 3566 387 3602 cm.
407 3553 434 3601 P.
516 3547 628 3671 militip]
651 3547 757 3602 milites
775 3554 803 3601 Ρ.
896 3553 930 3602 18
949 3545 1111 3618 temulenti]
1134 3545 1233 3600 tomuli
1252 3552 1283 3601 V.

262 3625 295 3671 20
311 3618 504 3673 debellaturus
532 3618 603 3674 debe
626 3619 715 3673 aturis
729 3625 775 3671 Π.
789 3638 824 3674 m.
837 3637 882 3687 pr.
937 3618 1227 3690 mensam]mensa1².

261 3690 464 3762 Alexandrum]
484 3619 668 3744 aiexandrum
685 3690 857 3744 uersiculum
874 3695 904 3744 V.
978 3696 1012 3744 21
1033 3688 1157 3744 Gobares
1171 3690 1282 3759 Stangl:

262 3762 377 3816 cobares
387 3767 417 3815 A.
473 3763 588 3817 natione
598 3762 697 3816 Medus
708 3768 733 3815 1:
749 3762 894 3816 nationem
905 3761 987 3816 sedus
997 3768 1026 3829 1³,
1035 3760 1151 3815 natione
1161 3760 1244 3816 sedus
1257 3768 1283 3813 c.

262 3840 295 3886 22
316 3835 486 3904 non]1'101².
560 3840 595 3887 24
614 3834 776 3888 moderatus
795 3840 820 3887 1:
847 3833 1011 3887 modoratns
1029 3836 1060 3888 Δ.
1133 3831 1172 3903 Is]
1191 3830 1234 3884 his
1254 3836 1283 3885 Ρ.
