3150 4459
322 446 386 509 172
687 446 718 510 Q.
738 445 849 499 OURTI
868 446 952 500 soal

321 614 485 695 satrapeae
512 608 666 674 Ariorum
697 610 766 694 ipse
794 611 1014 694 praefecisset,
1044 611 1198 675 defecisse
1227 612 1268 676 ab
1298 632 1345 675 eo.

267 716 300 764 21
321 699 435 783 Itaque
454 721 649 784 quamquam
668 698 768 763 Besso
787 701 985 784 imminebat,
1008 703 1117 765 tamen
1141 702 1184 765 od
1202 698 1347 764 Satibar-

321 811 421 854 zanen
452 788 699 874 opprimendum
728 789 889 871 praeverti
925 790 1086 874 optimum
1119 792 1208 853 ratus
1239 789 1346 853 levem

321 882 517 944 armaturam
546 883 578 942 et
606 882 770 961 equestres
800 878 908 963 copias
942 879 1050 944 educit
1082 882 1215 961 totaque
1249 883 1347 944 nocte

267 987 301 1034 aa
321 968 437 1033 itinere
456 972 585 1031 strenue
603 965 691 1039 facto
705 968 889 1051 inprovisus
908 967 996 1032 hosti
1014 967 1209 1052 supervenit.
1243 966 1346 1032 Cuius
1361 994 1386 1032 a

322 1058 453 1144 cognito
474 1058 613 1121 adventu
632 1054 856 1121 Satibarzanes
871 1079 944 1122 cum
963 1058 1089 1122 duobus
1104 1057 1237 1121 milibus
1257 1056 1346 1140 equi-

320 1150 391 1211 tum
415 1184 458 1193 -
477 1167 537 1211 neo
559 1147 668 1230 plures
688 1144 801 1209 'subito
824 1147 972 1210 contrahi
994 1149 1145 1230 poterant
1164 1184 1206 1192 —-
1225 1146 1347 1212 Bactra

268 1256 303 1304 aa
321 1236 475 1321 perfugit,
498 1236 597 1300 ceteri
619 1234 785 1317 proximos
809 1239 936 1299 montes
961 1239 1206 1319 occupavenmt.
1249 1235 1347 1300 Prae

321 1329 418 1409 rupta
440 1346 538 1408 rupes
561 1328 623 1407 est,
651 1346 715 1407 qua
743 1326 867 1407 spectat
895 1324 1106 1409 occidentem,
1129 1324 1256 1408 eadem,
1281 1347 1348 1408 qua

322 1415 428 1501 vergit
450 1414 491 1477 ad
514 1414 680 1495 orientem,
705 1412 828 1481 leniore
852 1414 1023 1479 summissa
1046 1414 1197 1499 fastigio:
1229 1413 1346 1478 multis
1361 1442 1388 1481 ro

323 1504 493 1568 arboribus
517 1502 623 1567 obsita
641 1523 814 1585 perennem
834 1502 932 1567 habet
954 1503 1087 1586 fontem,
1111 1524 1150 1567 ex
1170 1525 1234 1587 quo
1255 1504 1347 1589 larga

318 1614 425 1677 aquae
448 1596 588 1656 manant.
633 1590 796 1655 Circuitus
816 1592 883 1656 eius
903 1610 977 1657 xxx
1000 1596 1032 1657 et
1055 1594 1119 1657 duo
1143 1591 1247 1656 stadia
1271 1614 1349 1657 con-

270 1682 503 1765 reprehendit.
543 1679 583 1745 In
606 1681 726 1745 vertice
748 1679 902 1747 herbidus
926 1703 1072 1766 campus:
1091 1681 1125 1745 in
1148 1682 1212 1747 hoc
1234 1682 1348 1746 multi·

321 1771 468 1836 tudinem
496 1770 647 1835 inbellem
676 1769 841 1834 considere
870 1770 990 1834 iubent.
1041 1769 1122 1854 lpsi,
1155 1793 1218 1854 qua
1246 1792 1346 1855 rupes

323 1861 419 1944 sedit,
459 1860 610 1925 arborum
646 1862 779 1924 truncos
816 1863 848 1923 et
883 1869 960 1923 saxa
996 1860 1226 1925 obmoliuntur.
1281 1878 1347 1923 xm
1363 1886 1386 1927 a

201 1958 203 1961 ’
270 1968 303 2016 aa
323 1949 413 2016 milia
454 1954 577 2014 armata
614 1952 714 2013 erant.
768 1946 808 2012 ln
840 1970 977 2032 quorum
1011 1949 1178 2015 obsidione
1211 1948 1347 2013 Cratero
1362 1955 1399 2011 ΡΒ

322 2039 438 2105 relicto
461 2038 530 2123 ipse
555 2037 785 2102 Satibarzanen
808 2038 899 2121 sequi
921 2038 1063 2102 festinat.
1100 2037 1155 2122 At,
1178 2039 1255 2122 quia
1277 2038 1347 2102 lon-

324 2130 397 2215 gius
421 2128 533 2192 abesse
556 2150 629 2191 eum
653 2129 858 2212 cognoverat,
882 2127 922 2190 ad
945 2128 1177 2213 expugnandos
1201 2149 1266 2211 eos,
1289 2127 1348 2212 qui
1385 2165 1387 2169 ν

270 2238 304 2286 26
324 2219 411 2283 adita
439 2216 599 2282 montium
628 2219 871 2299 occupaverant,
898 2216 997 2293 redit„
1035 2215 1084 2280 Ac
1106 2217 1212 2301 primo
1236 2238 1348 2299 repur-

324 2308 395 2393 gari
416 2306 516 2388 iubet,
539 2305 696 2390 quidquid
719 2304 845 2391 ingredi
864 2310 1007 2389 possent,
1030 2305 1154 2390 deinde,
1176 2309 1213 2369 ut
1237 2310 1347 2371 occur-
1362 2335 1389 2374 ao

324 2397 438 2460 rebant
462 2396 567 2459 inviae
591 2399 679 2459 cotos
702 2397 959 2478 praeruptaeque
981 2417 1091 2478 rupea,
1114 2394 1231 2459 inritus
1254 2395 1349 2474 labor

271 2506 304 2553 27
324 2484 493 2551 videbatur
517 2484 666 2548 obstante
688 2486 813 2547 natura.
854 2482 923 2564 Ille,
946 2488 983 2547 ut
1007 2489 1075 2549 erat
1098 2485 1198 2548 animi
1222 2506 1350 2568 semper

325 2573 522 2640 obluctantis
547 2572 803 2655 difficultatibus,
828 2594 901 2637 cum
924 2576 957 2637 et
979 2573 1130 2659 progredi
1155 2573 1291 2637 arduum
1315 2577 1349 2637 et

324 2664 443 2729 reverti
466 2661 684 2747 periculosum
707 2665 805 2744 esset,
828 2661 977 2725 versabat
1000 2684 1035 2727 se
1062 2663 1103 2727 ad
1126 2684 1238 2726 omnes
1260 2663 1349 2747 cogi-

324 2754 464 2818 tationes
497 2751 585 2815 aliud
618 2755 716 2834 atque
743 2750 832 2815 aliud
854 2789 899 2797 —
922 2750 968 2815 ita
999 2755 1036 2815 ut
1064 2752 1133 2815 fieri
1166 2753 1262 2834 solet,
1291 2754 1389 2821 ubire

324 2845 430 2927 prima
453 2862 598 2925 quaeque
620 2840 809 2905 damnamus
828 2877 873 2886 —
891 2840 1068 2905 subiciente
1092 2842 1207 2905 animo.
1236 2839 1349 2905 Haesi-

324 2932 417 3016 tanti,
454 2929 540 3013 quod
564 2929 647 2993 ratio
675 2951 740 2992 nou
765 2930 886 3013 potuit,
913 2930 1046 2993 fortuna
1069 2930 1239 2994 consilium
1275 2932 1349 2995 sub-

271 3040 306 3089 28
324 3019 529 3086 ministravit.
576 3018 758 3082 Vehemens
786 3018 936 3083 favonius
960 3023 1040 3101 erat,
1069 3024 1100 3083 et
1124 3019 1259 3083 multam
1283 3042 1348 3083 ma-

323 3132 418 3139 ...—--
433 3128 539 3135 --..-.-

399 3186 412 3232 1
433 3179 581 3246 satrapeae
599 3178 710 3244 screbat:
730 3178 874 3244 satrapem
892 3182 921 3241 Ρ,
940 3176 1104 3245 satrapham
1124 3182 1149 3228 c.
1204 3176 1348 3248 Ariorum]

325 3251 448 3304 ortorum
466 3254 535 3302 Pm.
546 3266 592 3318 pr.
652 3253 668 3301 2
688 3248 795 3319 tamen]
814 3250 919 3301 tamem
934 3254 962 3300 1..
1029 3249 1071 3301 od
1089 3248 1154 3301 odd.
1175 3249 1349 3303 Vindelicos.

325 3329 341 3375 3
360 3320 514 3392 praeverti]
533 3318 689 3388 praeuertit
706 3324 775 3373 Pm.
786 3336 833 3388 pr.
908 3325 923 3371 7
944 3318 1084 3390 contrahi]
1107 3319 1215 3372 contrat
1234 3325 1263 3387 P,
1283 3336 1349 3374 con-

324 3409 421 3466 thrahi
435 3414 465 3461 v.
541 3415 573 3461 12
592 3408 722 3478 manant]
736 3410 873 3461 maneant
886 3413 915 3463 Ρ.
989 3406 1140 3478 Circuitus]
1155 3405 1305 3462 oirc'll'itus
1319 3416 1348 3462 Ρ.

327 3489 360 3535 14
378 3479 525 3551 inbellem]
550 3480 580 3532 in
602 3479 679 3533 bellu
698 3484 718 3530 Ρ
736 3497 771 3534 m.
786 3497 833 3549 pr.
948 3486 981 3532 15
1001 3478 1075 3532 sedit
1098 3481 1208 3547 scripsi:
1236 3482 1298 3534 erat
1316 3486 1347 3533 A.

327 3560 359 3606 17
376 3552 589 3622 Satibarzanen]
606 3550 814 3604 satibarzaman
827 3556 848 3602 P
861 3568 896 3605 m.
906 3567 962 3619 pr,
977 3550 1184 3604 satibarzanel’
1197 3569 1232 3604 aa.
1242 3568 1293 3605 sec.

325 3624 363 3677 At
381 3625 492 3692 serpsi:
515 3626 544 3677 et
562 3628 592 3677 Δ.
704 3627 736 3675 19
756 3624 964 3690 occupaverant
988 3623 1164 3677 Vindelicus:
1192 3638 1348 3691 occupaue-

324 3699 392 3749 runt
410 3701 440 3748 Δ.
523 3693 682 3765 repurgari]
701 3693 854 3763 repugnari
868 3698 896 3745 Ρ.
983 3699 1017 3746 24
1037 3693 1122 3764 esset]
1142 3709 1202 3747 esse
1220 3700 1241 3745 Ρ
1255 3712 1289 3748 m.
1300 3712 1347 3763 pr.

326 3772 360 3820 26
380 3767 559 3836 damnamus]
583 3766 769 3834 dampnamus
792 3769 847 3817 Π.
958 3769 992 3817 28
1015 3766 1175 3835 materiam]
1199 3766 1348 3820 materiam

325 3845 345 3890 Ρ
358 3857 392 3893 m.
403 3856 449 3907 pr.
