3150 4459
328 400 371 463 92
709 398 739 463 Q.
761 398 869 452 CURTI
888 398 973 451 RUFI

239 568 315 622 XIIII
330 563 561 646 interequitans
577 561 823 646 adloquebatur:
848 562 996 627 Emensis
1015 566 1065 626 tot
1084 565 1185 626 terras
1206 563 1240 625 in
1260 584 1348 645 spem

328 651 495 735 victoriae,
529 652 566 717 de
601 675 664 736 qua
693 652 909 717 dimicandum
942 653 1040 734 foret,
1072 651 1135 716 hoc
1168 674 1271 715 unum
1301 674 1348 715 su-

328 763 455 825 peresse
481 741 660 806 discrimen.
708 740 881 806 Granicum
911 741 965 806 hic
995 763 1120 805 amnem
1153 738 1348 824 Ciliciaeque

327 835 453 896 montes
481 835 514 895 et
542 830 668 914 Syriam
696 829 949 916 Aegyptumque
976 831 1250 914 praetereuntibus
1280 853 1350 914 rap-

327 925 391 1003 tas,
430 922 575 1006 ingentia
609 920 676 1004 spei
709 920 896 1006 gloriaeque
926 919 1148 1003 incitamenta,
1181 921 1349 984 referebat.
1375 948 1385 986 1

292 1009 551 1093 2Reprehensos
580 1032 620 1073 ex
648 1010 726 1095 fuga
749 1009 863 1074 Persas
891 1014 1105 1095 pugnaturos,
1134 1011 1210 1093 quia
1238 1011 1350 1095 fugere

327 1121 394 1164 non
413 1104 553 1183 possent.
600 1098 745 1163 Tertium
764 1101 829 1163 iam
849 1099 933 1163 diem
953 1103 1042 1163 metu
1062 1121 1233 1185 exangues,
1252 1100 1350 1163 armis

328 1189 394 1252 suis
419 1193 568 1253 oneratos
592 1189 626 1252 in
650 1187 763 1252 eodem
786 1188 925 1275 vestigio
949 1190 1088 1254 haerere.
1136 1188 1274 1253 Nullum
1300 1189 1351 1254 de-

327 1279 519 1361 sperationis
548 1278 679 1343 illorum
702 1278 807 1343 maius
830 1278 985 1343 indicium
1017 1298 1098 1363 esse,
1135 1300 1232 1361 quam
1262 1278 1350 1362 quod

326 1367 437 1446 urbes,
467 1366 555 1450 quod
577 1389 673 1453 agros
697 1390 773 1432 suos
797 1371 941 1451 urerent,
970 1367 1126 1451 quidquid
1151 1389 1217 1430 non
1242 1390 1350 1433 corru·
1366 1397 1389 1435 ro

291 1456 464 1541 epissent,
496 1458 639 1521 hostium
671 1479 741 1521 esse
772 1457 921 1522 confessi.
966 1456 1109 1521 Nomina
1139 1456 1236 1521 modo
1267 1480 1352 1521 vana

327 1545 474 1631 gentium
498 1547 683 1631 ignotarum
711 1569 752 1611 ne
775 1548 1034 1612 extimescerent:
1062 1568 1165 1630 neque
1195 1548 1280 1611 enim
1312 1548 1351 1611 ad

326 1635 405 1700 belli
435 1636 606 1700 discrimen
636 1637 812 1720 pertinere,
846 1636 902 1719 qui
938 1636 977 1701 ab
1013 1635 1052 1699 iis
1084 1634 1223 1718 Scythae
1255 1637 1351 1719 quive

328 1723 459 1790 Cadusii
500 1725 746 1809 appellarentur.
803 1724 852 1790 Ob
890 1725 923 1789 id
960 1726 1081 1809 ipsum,
1120 1726 1206 1809 quod
1245 1726 1352 1811 ignoti

291 1818 442 1897 4111111,
466 1814 627 1901 ignobiles
652 1836 735 1879 esse:
759 1837 936 1897 numquam
960 1815 1105 1900 ignorari
1126 1814 1213 1879 viros
1238 1816 1351 1898 fortes,
1366 1844 1391 1883 15

328 1908 361 1968 at
380 1904 516 1968 inbelles
539 1927 579 1969 ex
597 1904 730 1969 latebris
755 1905 821 1968 suis
841 1907 950 1969 erutos
969 1904 1053 1968 nihil
1071 1908 1198 1987 praeter
1215 1906 1352 1969 nomina

326 1994 458 2057 adferre.
514 1994 705 2059 Macedonas
735 1994 857 2059 virtute
887 1994 1069 2076 adsecutos,
1103 2017 1144 2058 ne
1175 1995 1247 2077 quis
1278 1998 1349 2059 toto

291 2099 306 2147 e
327 2082 404 2146 orbe
422 2082 513 2148 loeus
533 2087 624 2167 esset,
644 2083 701 2166 qui
719 2086 801 2149 tales
820 2084 907 2148 viros
922 2083 1095 2169 ignoraret.
1142 2080 1351 2149 Intuerentur

325 2172 536 2236 barbarorum
568 2174 770 2238 inconditum
803 2194 932 2258 agmen:
970 2172 1068 2237 alium
1105 2172 1189 2237 nihil
1221 2178 1351 2257 praeter

326 2260 468 2326 iaculum
487 2262 614 2346 habere,
637 2262 738 2327 alium
756 2262 858 2327 funda
882 2285 958 2326 saxa
976 2262 1103 2345 librare,
1126 2263 1238 2345 paucis
1263 2265 1349 2327 iusta
1364 2292 1390 2330 1ο

326 2374 416 2415 arma
448 2374 524 2415 esse.
585 2350 699 2435 Itaque
731 2353 821 2416 illinc
853 2353 961 2436 plures
996 2356 1093 2434 stare,
1130 2352 1206 2416 hinc
1239 2355 1348 2436 plures

291 2440 545 2505 edimicaturos.
591 2441 661 2506 Nec
684 2443 849 2525 postulare
872 2463 915 2523 se,
938 2446 975 2506 ut
997 2442 1126 2505 fortiter
1145 2447 1349 2526 capesserent

326 2531 495 2613 proelium,
517 2531 553 2595 ni
575 2532 644 2614 ipse
664 2532 777 2596 ceteris
797 2531 996 2595 fortitudinis
1015 2531 1131 2595 fuisset
1149 2531 1349 2616 exemplum:

326 2642 359 2683 se
388 2623 462 2684 1111
489 2620 595 2703 prima
623 2621 716 2707 signa
744 2620 980 2685 dimicaturum.
1033 2618 1198 2703 Spondere
1227 2644 1285 2704 pro
1316 2644 1349 2685 se

325 2713 375 2773 tot
409 2710 586 2793 cicatrices,
623 2710 758 2775 totidem
797 2710 940 2793 corporis
978 2710 1105 2774 decora:
1146 2710 1226 2775 scire
1259 2711 1348 2794 ipsos
1363 2738 1388 2777 as

325 2822 427 2862 unum
460 2821 561 2881 paene
594 2821 627 2864 se
659 2800 797 2884 praedae
825 2800 1005 2864 communis
1039 2803 1183 2864 exortem
1216 2801 1251 2864 in
1283 2801 1347 2864 illis

291 2906 306 2953 7
327 2888 469 2953 colendis
484 2889 701 2973 ornandisque
719 2912 876 2973 usurpare
890 2888 1043 2953 victoriae
1062 2890 1205 2974 praemia
1258 2888 1349 2954 Haeo

326 3000 360 3041 se
396 2978 536 3042 fortibus
574 2980 651 3043 viris
690 2979 803 3045 dicere.
865 2977 900 3043 Si
937 2979 994 3061 qui
1027 2977 1198 3043 dissimiles
1236 3000 1347 3043 eorum

398 3232 410 3279 1
432 3226 651 3298 adloquebatur]
678 3226 904 3295 adloquebantur
922 3232 953 3279 v.
1045 3226 1117 3281 ade
1145 3226 1212 3298 qua]
1237 3227 1348 3294 deaque

323 3304 369 3350 ΕΙ.
384 3317 418 3352 m.
428 3316 485 3367 pr„
504 3299 596 3367 deque
609 3304 630 3351 Ρ
644 3316 678 3353 m.
693 3316 739 3368 pr.
827 3304 843 3353 4
862 3299 1103 3367 praetereuntibus
1120 3299 1248 3353 Modica:
1268 3316 1349 3367 prae-

324 3370 456 3424 euntibus
475 3374 506 3424 Δ.
575 3370 655 3442 dex]
676 3372 705 3424 et
723 3376 791 3424 Pm.
802 3388 848 3439 pr.
919 3377 951 3423 12
971 3371 1018 3441 ad]
1039 3390 1056 3425 a
1074 3376 1101 3423 P.
1173 3375 1205 3424 13
1226 3369 1348 3439 Scythae

324 3443 428 3497 Aldus:
448 3444 591 3510 scytarum
609 3448 637 3508 P,
657 3442 792 3496 scitatum
811 3449 835 3496 c.
907 3448 940 3495 14
959 3443 1169 3511 appellarentur
1187 3442 1348 3510 Zumptius:

324 3512 505 3583 appellantur
523 3518 553 3567 Δ.
629 3520 661 3567 16
681 3514 723 3585 11]
742 3515 792 3567 111
810 3519 839 3567 Ε.
913 3513 1042 3585 latebris]
1061 3513 1149 3567 labris
1167 3518 1235 3566 Pm.
1246 3531 1293 3581 pr.

325 3586 434 3710 111111]
450 3587 600 3654 eruptos!
618 3604 652 3639 m.
664 3604 709 3654 pr.
784 3591 816 3638 17
836 3585 1024 3710 Macedonasq)
1037 3585 1205 3639 macedones
1222 3591 1290 3639 Pm.
1302 3605 1347 3654 pr.

325 3662 359 3710 ‘20
378 3657 416 3710 ha
437 3657 494 3727 ere]
513 3657 632 3712 barbare
650 3662 719 3711 Pm.
729 3674 775 3726 pr.
849 3656 964 3727 librare]
984 3656 1006 3709 li
1027 3673 1105 3712 erare
1121 3662 1141 3708 Ρ
1155 3674 1189 3710 m.
1200 3674 1246 3726 pr.
1262 3662 1293 3710 V.

324 3728 411 3801 iusta]
430 3729 509 3782 iuxta
527 3734 555 3781 Ε.
648 3734 682 3781 23
701 3728 731 3781 ni
749 3729 823 3799 ipse]
842 3728 884 3782 nil
901 3729 963 3799 ipse
981 3735 1010 3794 Ε,
1030 3729 1111 3798 nipse
1129 3732 1158 3781 Β.
1251 3733 1285 3782 26
1306 3730 1348 3800 11]

325 3818 377 3856 om.
392 3806 423 3854 V.
497 3806 531 3854 28
551 3800 713 3872 dissimiles]
733 3799 880 3854 dissimilis
898 3806 967 3856 Pla.
978 3818 1023 3871 pr.
