3150 4459
318 414 385 478 330
696 413 727 480 Q.
748 414 858 469 OURTI
876 415 964 471 RUFI

319 578 469 662 quotiens
488 577 621 643 adversa
638 578 708 665 regi
726 578 872 643 valitudo
891 579 1070 644 incidisset:
1095 579 1165 644 hoc
1186 583 1266 644 tum
1287 600 1355 664 quo-

283 682 300 729 o
319 688 381 750 que
404 688 493 731 more
517 671 644 731 servato
663 668 808 732 universi
826 667 1011 733 cubiculum
1029 668 1100 733 eius
1118 669 1269 733 intrant.
1302 667 1356 734 Ille

319 756 487 839 sollicitus,
509 778 551 820 ne
575 756 653 840 quid
675 757 753 821 novi
773 756 945 836 adferrent,
970 757 1046 842 quia
1064 757 1169 822 simul
1189 762 1355 839 venerant,

318 850 534 928 percontatur,
556 868 636 910 num
658 846 802 911 hostium
825 867 936 911 recens
954 846 1165 911 nuntiaretur
1184 846 1354 912 adventus.

284 950 299 998 6
318 933 364 998 At
388 933 552 1018 Craterus,
576 936 628 999 cui
651 935 841 999 mandatum
864 941 948 1018 erat,
971 940 1008 999 ut
1031 936 1217 1000 amicorum
1244 940 1385 1020 preesse

317 1024 474 1108 perferret
504 1024 545 1087 ad
574 1045 661 1089 eum:
693 1022 878 1108 ‘Credisne'‚
908 1025 1029 1110 inquit,
1060 1024 1220 1089 ‘adventu
1251 1025 1379 1111 magis·

318 1114 476 1196 hostium,
505 1116 543 1176 ut
572 1112 637 1177 iam
667 1114 700 1177 in
725 1116 811 1178 vallo
835 1116 1061 1195 consisterent,
1092 1114 1264 1179 sollicitos
1289 1137 1354 1179 esse

284 1218 299 1265 ῖ
319 1223 415 1285 quam
440 1223 517 1266 cura
539 1203 653 1266 salutis
676 1206 760 1284 tuae,
783 1206 821 1266 ut
843 1224 930 1267 nunc
953 1207 1011 1287 est,
1033 1203 1095 1267 tibi
1117 1203 1220 1268 vilis?
1248 1202 1353 1281 Quan-

318 1290 434 1355 talibet
461 1291 510 1355 vis
535 1292 681 1355 omnium
704 1292 852 1376 gentium
876 1291 1039 1375 conspiret
1062 1292 1097 1357 in
1118 1313 1196 1376 nos,
1229 1293 1354 1378 inpleat

319 1380 417 1443 armis
445 1380 587 1463 virisque
610 1385 717 1444 totum
742 1380 867 1464 orbem,
899 1381 1055 1445 classibus
1079 1380 1183 1444 maria
1207 1387 1381 1449 constet-o

319 1473 389 1553 nat,
421 1469 603 1534 invisitatas
633 1468 744 1534 beluas
775 1469 918 1534 inducat:
949 1475 984 1533 tu
1012 1491 1070 1535 nos
1093 1470 1287 1554 praestabis
1311 1472 1353 1535 in·

284 1559 432 1622 evicto.
480 1555 544 1621 Sed
567 1558 639 1641 quis
664 1559 798 1622 deorum
821 1560 884 1624 hoc
907 1559 1115 1624 Macedoniae
1136 1559 1299 1625 columen
1321 1581 1354 1624 ae

321 1648 409 1713 sidus
434 1647 621 1711 diuturnum
646 1647 715 1712 fore
739 1648 888 1732 polliceri
911 1652 1032 1732 potest,
1064 1669 1138 1712 cum
1162 1652 1235 1713 tam
1261 1649 1354 1713 avide

320 1736 501 1801 manifestis
531 1737 683 1819 periculis
714 1738 830 1801 offeras
854 1759 972 1821 corpus
1002 1737 1123 1801 oblitus
1146 1741 1200 1802 tot
1229 1739 1353 1804 civium

285 1843 301 1890 9
321 1828 443 1889 animas
468 1827 595 1890 trahere
616 1829 648 1890 te
668 1826 702 1890 in
721 1827 853 1890 casum?
895 1825 974 1902 Quis
994 1825 1080 1891 enim
1099 1825 1161 1890 tibi
1183 1832 1353 1911 superstes
1365 1854 1383 1895 u

320 1919 376 1978 aut
405 1919 498 1999 optat
521 1937 591 1979 esse
614 1919 671 1979 aut
694 1915 825 1999 potest?
862 1915 911 1980 Eo
935 1915 1139 1999 pervenimus
1164 1916 1353 1999 euspicium

320 2008 419 2088 atque
443 2004 614 2087 imperium
638 2006 741 2068 secuti
763 2008 867 2087 tuum,
891 2005 975 2069 unde
995 2003 1059 2069 nisi
1077 2008 1110 2068 te
1128 2004 1251 2069 reduce
1271 2006 1354 2072 nulli

269 2093 362 2158 10ad
390 2098 523 2177 penates
554 2115 629 2158 suos
660 2094 722 2158 iter
752 2099 810 2158 est.
866 2093 989 2170 Quodsi
1013 2091 1118 2158 adhuc
1143 2093 1182 2157 de
1207 2093 1354 2160 Persidis

320 2204 419 2268 regno
451 2205 525 2247 oum
548 2182 654 2247 Dareo
679 2183 862 2264 dimicasse,
894 2184 956 2247 etsi
978 2204 1073 2246 nemo
1097 2186 1210 2265 vellet,
1241 2187 1355 2248 tamen

320 2293 361 2335 ne
389 2272 543 2335 admirari
570 2271 700 2355 quidem
728 2276 839 2356 posset
866 2275 934 2335 tam
961 2275 1132 2356 promptae
1157 2293 1230 2336 esse
1257 2277 1293 2337 te
1317 2273 1386 2341 ada

321 2382 415 2425 omne
439 2360 611 2424 discrimen
635 2361 800 2425 audaciae:
830 2383 907 2425 nam
930 2361 987 2425 ubi
1010 2362 1101 2443 paria
1125 2365 1202 2425 sunt
1226 2364 1356 2446 perieu-

319 2452 388 2515 lum
415 2470 453 2513 ac
481 2450 672 2533 praemium,
705 2454 737 2513 et
767 2451 915 2514 secundis
939 2450 1035 2515 rebus
1059 2448 1201 2532 amplior
1223 2451 1355 2517 fructus

270 2557 301 2604 11
322 2543 371 2603 est
394 2543 426 2602 et
450 2539 592 2603 adversis
617 2538 773 2603 solacium
793 2540 906 2603 maius
946 2538 1017 2603 Tuo
1036 2560 1112 2602 vero
1133 2539 1239 2622 eapite
1260 2541 1356 2626 igno·

321 2628 420 2693 bilem
448 2628 556 2692 vicum
585 2629 662 2710 emi,
695 2630 767 2711 quis
791 2629 874 2693 ferat
896 2650 963 2692 non
987 2633 1117 2692 tuorum
1142 2628 1240 2691 modo
1267 2629 1356 2695 mili-

321 2722 400 2799 tum,
425 2719 481 2782 sed
504 2718 603 2781 ullius
627 2718 732 2801 gentis
752 2718 908 2781 barbarae
928 2718 1016 2799 civiS,
1040 2716 1097 2799 qui
1114 2721 1205 2780 tuam
1225 2720 1356 2803 magni·
1369 2744 1389 2785 a

269 2824 302 2872 12
322 2808 467 2871 tudinem
491 2806 605 2871 novit?
629 2806 750 2870 Horret
773 2806 899 2871 animus
923 2806 1155 2891 cogitationem
1173 2806 1232 2889 rei,
1251 2829 1356 2891 quam

321 2897 419 2980 paulo
453 2899 527 2959 ante
558 2896 706 2960 vidimus.
765 2895 888 2978 Eloqui
922 2896 1021 2960 timeo
1055 2894 1167 2959 invicti
1202 2898 1356 2980 eorporis

323 2985 427 3068 spolia
451 2985 664 3049 inertissimas
688 3007 803 3049 manus
826 2984 928 3049 fuisse
950 2984 1135 3066 infecturas,
1158 2984 1224 3048 nisi
1247 2988 1283 3049 te
1309 2988 1356 3051 in-

272 3092 303 3140 sa
322 3078 504 3157 terceptum
531 3074 714 3139 misericors
742 3076 776 3137 in
805 3095 865 3138 nos
891 3074 1023 3137 fortuna
1047 3076 1213 3137 servasset.
1262 3074 1356 3141 Toti-

396 3238 410 3285 1
431 3231 572 3303 quotiens]
592 3231 726 3299 quociens
741 3237 795 3284 ΡΥ.
872 3238 887 3284 2
907 3231 1041 3302 universi]
1061 3228 1185 3283 uniumsi
1204 3236 1235 3297 V,
1255 3234 1356 3287 unifrsi

324 3303 354 3374 [i.
369 3321 389 3356 e.
409 3303 546 3374 uniuersi]
565 3308 619 3356 H..
681 3307 696 3355 3
717 3302 866 3373 sollicitus]
887 3302 1015 3356 solicitus
1034 3308 1062 3355 P.
1124 3308 1141 3354 4
1160 3302 1346 3358 nuntiaretur

324 3373 505 3427 nunciaretur
522 3380 568 3426 H.
588 3393 622 3428 m.
637 3392 683 3443 pr.
754 3372 924 3428 edredisne
942 3380 970 3426 1:
991 3373 1125 3426 credesne
1142 3376 1173 3425 Δ.
1200 3394 1205 3405 ·
1244 3373 1345 3443 inquit

324 3446 425 3513 inquid
443 3451 464 3497 F
483 3464 517 3499 m.
532 3463 578 3515 pr.
650 3451 664 3498 7
684 3445 770 3517 vallo]
789 3444 887 3499 ualido
906 3450 971 3499 Bm.
984 3463 1028 3513 pr.
1102 3443 1261 3515 sollicitos]
1275 3446 1357 3501 solli-

325 3517 398 3570 citus
408 3522 455 3567 BF
468 3534 503 3570 m.
511 3534 565 3585 pr„
580 3516 717 3570 sollicita
726 3524 754 3570 L.
808 3524 840 3570 11
856 3516 1025 3586 praestabis]
1040 3514 1228 3584 praestabat,
1243 3520 1357 3585 presta-

325 3587 437 3641 bilisv.
494 3594 526 3641 17
543 3588 640 3658 atque]
656 3589 832 3656 adquerm.
844 3606 890 3657 pr.
949 3592 982 3640 20
1002 3587 1049 3658 ne]
1064 3602 1116 3640 neo
1131 3592 1157 3639 0.
1213 3592 1248 3640 21
1264 3589 1358 3644 auda-

326 3659 398 3730 ciae]
428 3660 562 3714 audatiae
586 3665 618 3714 V.
733 3665 767 3714 28
799 3659 946 3729 solacium]
974 3657 1106 3712 solatium
1131 3662 1152 3709 B
1173 3675 1209 3712 m.
1229 3676 1274 3727 pr.
1297 3664 1356 3714 IV.

326 3736 372 3856 Ξὲῐ
380 3731 576 3855 ineptissimas]
596 3730 804 3785 inhertissimas
819 3737 847 3784 P.
909 3729 1064 3783 infectores
1083 3730 1245 3797 Zumpties:
1265 3731 1358 3787 iniec-

373 3819 405 3856 as
449 3846 454 3856 .
