3150 4459
604 1003 652 1104 Q.
679 1002 874 1085 OURTI
897 1003 1052 1085 RUFI

689 1200 971 1262 HISTORmRUM

397 1395 917 1494 ALEXANDRI
960 1394 1260 1493 MAGNI

691 1606 956 1673 nicanorus

720 1819 829 1872 cicala
848 1819 934 1873 Vllll.

284 1991 297 2044 Ι
377 1982 561 2047 Alexander
582 1988 651 2047 tam
672 1982 877 2047 memorabili
895 1984 1032 2048 victoria
1051 1963 1164 2065 laetus,
1188 2004 1261 2066 qua
1280 1985 1349 2050 sibi
1365 1991 1377 2043 l

312 2071 453 2137 Orientis
474 2073 549 2135 finis
567 2077 695 2156 apertos
715 2093 783 2135 esse
803 2072 962 2155 censebat,
987 2070 1056 2135 Soli
1073 2070 1219 2136 victimis
1242 2076 1351 2139 caesis

311 2163 432 2225 milites
451 2183 588 2244 quoque,
613 2182 676 2244 quo
697 2161 951 2245 promptioribus
975 2160 1091 2225 animis
1115 2160 1248 2244 reliqna
1268 2163 1352 2228 belli

312 2251 453 2333 obirent,
480 2272 539 2333 pro
565 2251 715 2314 contione
739 2249 886 2314 laudatos
911 2250 1035 2333 docuit,
1066 2249 1227 2334 quidquid
1253 2249 1351 2316 Indis

277 2341 429 2405 avirium
452 2340 577 2423 fuisset,
601 2339 658 2404 illa
681 2339 888 2403 dimicatione
909 2344 1121 2423 prostratum:
1145 2342 1258 2403 cetera
1277 2343 1350 2425 opi·
1377 2365 1387 2406 r

311 2452 398 2493 mam
426 2429 578 2512 praedam
606 2429 677 2493 fore
704 2428 945 2511 celebratasque
974 2450 1051 2511 opes
1080 2428 1114 2491 in
1142 2450 1180 2493 ea
1206 2431 1350 2514 regione

312 2520 462 2597 eminere,
485 2540 583 2601 quam
606 2521 762 2601 peterent.
799 2515 939 2582 Proinde
961 2519 1025 2581 iam
1045 2517 1123 2581 vilia
1142 2520 1175 2581 et
1194 2519 1353 2584 obsoleta

313 2629 381 2672 esse
410 2607 514 2690 spolia
542 2607 581 2672 de
604 2606 724 2672 Persis:
753 2608 891 2693 gemmis
921 2606 1170 2692 margaritisque
1200 2609 1235 2669 et
1265 2631 1350 2672 auro

313 2701 410 2781 atque
435 2697 531 2761 ebore
554 2695 777 2761 Macedoniam
802 2693 1045 2779 Graeciamque,
1078 2716 1145 2759 non
1172 2717 1250 2760 suas
1276 2701 1349 2761 tan-

280 2789 385 2851 atum
418 2786 531 2850 domos
564 2787 752 2870 repleturos.
799 2784 897 2848 Avidi
925 2785 1046 2849 milites
1075 2788 1108 2848 et
1130 2786 1291 2868 pecuniae
1317 2792 1352 2852 et
1365 2814 1390 2854 ιο

314 2876 451 2961 gloriae,
484 2876 582 2939 simul
610 2874 685 2957 quia
715 2896 894 2956 numquam
918 2896 972 2937 eos
996 2874 1179 2937 adfirmatio
1204 2873 1278 2939 eius
1302 2876 1351 2941 fe

314 2963 450 3046 fellerat,
473 2964 670 3048 pollicentur
693 2985 838 3047 operam:
863 2964 1068 3046 dimissisque
1088 2985 1162 3028 cum
1181 2961 1271 3028 bona
1290 2987 1352 3049 spe

314 3054 445 3139 navigia
468 3053 670 3116 exaedificari
698 3053 801 3135 iubet,
832 3057 881 3134 ut,
912 3073 986 3115 cum
1009 3056 1113 3116 totam
1136 3051 1252 3116 Asiam
1277 3077 1351 3137 per-

281 3143 524 3225 4cucurrisset,
557 3142 653 3206 finem
688 3146 859 3217 terrarum,
892 3137 1184 3222 mare,'inviseret.
1239 3140 1352 3208 Multa

387 3396 403 3443 4
424 3388 567 3459 contione]
592 3389 725 3443 concione
749 3393 768 3440 Ι.
788 3407 823 3441 m.
835 3405 878 3456 pr.
973 3393 988 3440 5
1009 3388 1194 3458 prostratum]
1219 3393 1350 3456 prostra-

317 3461 393 3515 trum
412 3466 440 3525 1³,
459 3462 649 3528 prosstratnm
668 3466 695 3513 Ι..
777 3465 793 3512 6
813 3458 1026 3527 celebratasque
1046 3462 1154 3514 Laaer:
1175 3458 1350 3515 celebrates-

317 3548 373 3601 que
390 3537 419 3599 Ρ,
440 3530 671 3599 celebrantesque
691 3538 716 3583 c.
801 3536 816 3585 8
836 3531 968 3601 gemmis]
988 3531 1077 3600 gemis
1097 3536 1125 3583 Ι..
1209 3537 1224 3583 9
1245 3534 1350 3605 atque]

317 3602 410 3673 adque
429 3607 457 3656 Ι..
540 3608 572 3654 10
592 3602 749 3671 repleturos
769 3608 794 3654 1:
814 3602 988 3671 repleturum
1006 3607 1037 3655 A.
1119 3608 1151 3655 11
1171 3600 1297 3675 gloriae]
1316 3607 1351 3659 ia

316 3679 337 3728 1’
355 3676 388 3729 ta
405 3690 461 3729 rae.
476 3692 510 3727 m.
525 3690 575 3728 see.
638 3674 805 3744 numquam]
824 3690 881 3727 non
900 3691 986 3741 quam
1005 3680 1032 3725 Ι..
1097 3679 1129 3727 12
1149 3672 1350 3748 dimissisque]

317 3745 482 3813 dimisisque
502 3751 556 3797 H.
633 3750 665 3797 13
684 3745 905 3814 percucurrisset
924 3751 953 3797 c:
973 3746 1158 3813 percurrisset
1175 3749 1204 3797 P.
