3150 4459
320 412 386 477 382
500 453 521 482 4·
701 414 733 479 Q.
754 413 863 469 OURTI
881 413 968 469 RUFI

319 577 416 660 paulo
444 581 518 641 ante
545 576 727 641 intenderat
750 614 792 623 —
817 578 960 641 triduum
982 578 1050 642 fere
1074 580 1285 663 consumpsit
1308 580 1351 643 in-

284 670 406 729 scerta
438 664 573 730 consilia
604 666 772 730 volvendo,
827 665 871 730 Et
903 668 1041 751 pristina
1072 667 1206 750 quidem
1240 670 1351 754 regiae

320 756 442 836 species
461 754 623 819 manebat:
646 777 721 819 nam
740 759 773 819 et
791 753 891 840 legati
910 758 1055 841 gentium
1074 778 1184 841 regem
1206 756 1351 838 adibant,

320 846 353 907 et
375 844 541 927 copiarum
565 844 662 908 duces
685 844 828 924 aderant,
851 849 883 909 et
906 845 1102 909 vestibulum
1122 846 1286 910 satellites
1305 869 1350 911 ar-

284 948 299 996 9
319 934 462 1015 mutique
488 934 724 1015 conpleverant.
771 931 833 997 Sed
858 934 972 1020 ingens
997 956 1055 998 sua
1078 938 1194 1019 sponte
1220 936 1382 1000 maesti-s

320 1022 366 1085 tia
389 1022 522 1087 ultimae
546 1023 777 1106 desperationis
803 1023 898 1087 index
922 1027 1003 1106 erat,
1032 1024 1243 1106 suspectique
1268 1025 1351 1088 invi·

320 1132 389 1175 cem
408 1133 476 1175 non
494 1112 581 1176 adire
599 1112 742 1195 propius,
766 1133 831 1175 non
854 1112 1007 1196 conloqui
1026 1113 1187 1176 audebant
1207 1120 1351 1179 secretas

320 1200 534 1284 cogitationes
564 1200 650 1264 intra
673 1222 707 1263 se
731 1222 860 1284 quoque
884 1201 1046 1284 volvente,
1074 1208 1107 1265 et
1129 1222 1169 1264 ex
1193 1222 1352 1286 conpara-

252 1301 301 1354 '10
318 1289 408 1353 tione
438 1290 524 1374 regis
554 1291 630 1353 novi
661 1289 854 1354 desiderium
885 1290 1085 1355 excitabatur
1114 1290 1235 1355 amissi.
1287 1290 1351 1356 Ubi

319 1379 375 1442 ille
394 1384 487 1461 esset,
506 1379 596 1443 cuius
611 1379 792 1461 imperium,
813 1381 903 1442 cuius
923 1379 1103 1463 auspicium
1122 1379 1226 1444 secuti
1245 1386 1351 1463 eraut,
1364 1405 1384 1445 u

319 1466 540 1550 requirebant:
572 1468 744 1531 destitutos
774 1489 808 1530 se
836 1468 922 1531 inter
948 1468 1082 1532 infestas
1105 1467 1351 1553 indomitasque

319 1561 432 1641 gentes
456 1558 653 1640 expetituras
671 1560 722 1620 tot
741 1578 869 1620 suarum
892 1557 1031 1621 cladium
1049 1578 1179 1640 poenas,
1205 1558 1352 1640 quando-

234 1665 237 1669 ‘
267 1661 298 1710 11
320 1666 382 1727 que
412 1645 522 1709 oblata
552 1651 636 1709 esset
667 1646 803 1710 occasio.
851 1644 910 1710 His
940 1645 1192 1730 cogitationibus
1222 1646 1351 1712 animos

319 1733 510 1816 exedebant,
539 1756 612 1797 cum
636 1736 845 1799 adnuntiatur
867 1736 1005 1817 equites,
1029 1736 1084 1818 qui
1108 1736 1168 1800 sub
1192 1734 1351 1802 Perdicca

319 1830 439 1906 essent,
472 1824 637 1907 occupatis
671 1826 756 1889 circa
785 1824 954 1907 Babylona
986 1825 1107 1908 campis
1137 1824 1384 1908 frumentum,o

266 1928 299 1977 12
320 1914 405 1995 quod
436 1913 471 1975 in
500 1913 613 1977 urbem
645 1912 834 1997 vehebatur,
865 1914 1043 1977 retinuisse,
1088 1910 1202 1996 Itaque
1237 1915 1351 1999 inopia

318 2003 469 2085 primum,
492 2002 606 2066 deinde
624 2003 725 2066 fames
745 2023 813 2065 esse
833 2004 950 2086 coepit,
970 2006 1010 2085 et,
1030 2003 1133 2086 quiin
1148 2002 1231 2065 urbe
1246 2008 1350 2088 erant,

319 2097 375 2154 aut
407 2092 676 2155 reconciliandam
709 2113 782 2155 cum
808 2091 960 2155 Perdicca
993 2091 1129 2177 gratiam
1164 2095 1221 2154 aut
1250 2094 1349 2157 armis

267 2194 300 2244 18
319 2180 505 2243 certandum
529 2202 597 2244 esse
622 2181 801 2244 censebant.
839 2180 936 2246 Forte
959 2180 1006 2244 ita
1029 2181 1197 2260 acciderat,
1222 2184 1269 2264 ut,
1292 2182 1348 2265 qui

319 2268 354 2331 in
394 2268 480 2353 agris
523 2273 627 2350 erant,
664 2269 907 2352 populationem
948 2271 1099 2333 villarum
1136 2271 1383 2354 vicorumquesr

319 2357 414 2420 veriti
439 2358 650 2443 confugerent
673 2358 707 2420 in
730 2358 856 2435 urbem,
888 2359 1057 2443 oppidani,
1080 2379 1152 2421 curn
1176 2359 1267 2441 ipsos
1292 2360 1349 2424 ali-

319 2451 429 2510 menta
457 2448 641 2529 deficerent,
672 2448 752 2511 urbe
778 2448 971 2530 excederent,
1002 2449 1130 2531 utrique
1163 2448 1275 2531 generi
1300 2452 1349 2512 tu-

266 2554 300 2601 14
319 2537 384 2600 tior
414 2537 518 2599 aliena
548 2538 638 2600 sedes
669 2558 766 2619 quam
795 2557 853 2599 sua
881 2537 1051 2601 videretur.
1098 2534 1243 2611 Quorum
1273 2542 1390 2601 con-ll

319 2624 549 2689 sternationem
565 2625 755 2690 Macedones
779 2626 874 2689 veriti
897 2626 930 2688 in
953 2626 1076 2711 regiam
1100 2628 1226 2706 coeunt,
1252 2648 1349 2710 quac-

320 2735 381 2796 que
400 2714 543 2797 ipsorum
564 2716 723 2778 sententia
742 2718 836 2796 esset,
856 2718 1029 2798 exponunt.
1066 2713 1220 2778 Placebat
1236 2721 1347 2779 autem
1360 2739 1382 2780 a

318 2805 443 2888 legatos
462 2803 501 2865 ad
522 2805 646 2886 equites
665 2804 751 2867 mitti
771 2802 831 2887 [et]
851 2803 890 2867 de
905 2804 1045 2868 finienda
1059 2802 1219 2868 discordia
1235 2806 1349 2869 armis-

267 2908 300 2958 15
320 2914 382 2975 que
405 2893 571 2974 ponendis.
617 2892 724 2978 Igitur
747 2916 766 2956 a
788 2914 864 2978 rege
887 2894 1015 2977 legatur
1037 2892 1147 2957 Pasias
1170 2891 1347 2959 Thessalus

320 2986 352 3044 et
365 2980 536 3063 Damyllus
551 2982 845 3067 Megalopolitanus
865 2987 897 3045 et
912 2982 1069 3046 Perilaus:
1090 2981 1145 3065 qui
1165 3002 1238 3044 cum
1258 3005 1348 3046 man-

393 3120 405 3163 1
426 3112 524 3183 paulo]
543 3112 647 3180 pauloo
666 3118 694 3165 1..
751 3119 766 3163 2
784 3111 934 3183 volvendo]
955 3112 1124 3166 uolueldoP
1189 3118 1204 3163 3
1225 3113 1346 3185 species]

320 3184 424 3251 speties
444 3190 472 3236 F.
546 3183 676 3254 adibant]
696 3183 836 3236 adhibent
855 3187 924 3236 Bm.
935 3201 981 3251 pr.
1061 3184 1216 3236 'lsecretas
1237 3185 1349 3253 cogita-

319 3255 410 3307 tiones
432 3256 552 3309 caseata:
572 3259 697 3308 secretae
717 3254 897 3324 cogita'ionis
917 3259 946 3306 Δ.
1035 3259 1051 3308 8
1070 3254 1210 3325 volvente]
1229 3256 1347 3309 uoluen-

319 3329 363 3379 tes
382 3333 407 3378 c.
467 3332 497 3378 10
517 3326 578 3397 ille]
599 3343 648 3380 ona.
664 3332 684 3377 P
698 3344 732 3378 m.
744 3344 789 3394 pr.
848 3333 879 3377 12
900 3326 1084 3395 expetituras]
1106 3328 1305 3395 expectaturos
1321 3334 1346 3380 c.

323 3403 355 3450 14
374 3397 521 3468 Perdicca]
536 3398 653 3466 perdica
668 3403 687 3448 L
701 3415 735 3450 m.
747 3415 792 3465 pr.
803 3403 833 3449 V.
909 3402 942 3451 15
959 3397 1115 3468 Babylona]
1131 3396 1279 3451 babillona
1293 3404 1346 3465 ΒΡ,

319 3469 619 3537 babyllonaBmpr,
635 3468 831 3521 babilloniav.
889 3475 921 3522 16
937 3469 1024 3538 quod]
1040 3475 1133 3536 quoP.
1191 3473 1225 3522 18
1240 3473 1292 3524 aut
1304 3486 1346 3523 re-

320 3540 538 3611 conciliandam]
553 3540 624 3593 baut
637 3539 877 3593 reconciliandam
886 3545 913 3592 P.
977 3546 1010 3592 22
1027 3541 1220 3594 excederent
1233 3542 1345 3610 scripsi:

320 3617 388 3665 etA.
444 3617 477 3663 26
494 3612 530 3665 ad
546 3611 655 3680 equites
666 3611 774 3665 Lauer:
791 3615 819 3664 et
834 3611 943 3677 equites
953 3615 983 3664 Δ.
1040 3611 1092 3682 [ct]
1107 3611 1150 3665 del
1171 3611 1346 3667 Vindelicus.

320 3684 367 3754 de]
387 3700 438 3749 om.
454 3689 480 3735 L.
555 3689 589 3736 27
604 3683 755 3752 ponendis]
769 3684 815 3737 hic
829 3683 962 3736 desinit?
981 3685 1012 3737 ia
1030 3685 1085 3750 stac
1102 3683 1173 3749 solii.
1247 3683 1346 3737 Pasias

319 3757 566 3823 scrvpeapasasn.
623 3753 1096 3807 ThessalusBm.sec.:tessalusA.
1148 3758 1183 3807 28
1197 3753 1345 3823 Damyllus

318 3828 430 3895 empti:
446 3826 565 3880 amissus
580 3831 610 3879 Δ.
662 3824 921 3894 Megalopolitanus
936 3826 1038 3879 Aldus:
1052 3824 1305 3894 megalipolitanus
1314 3830 1345 3879 Δ.
