3150 4459
293 457 336 520 60
675 455 705 521 Q.
726 456 835 510 CUltTl
854 456 940 509 RUFI

245 637 277 685 17
297 620 497 684 occasionem
522 619 619 705 dedit,
642 641 779 702 cumque
803 623 898 703 porta
923 620 1053 684 effracta
1077 619 1195 685 cohors
1213 619 1316 687 Macc-

298 709 418 772 donum
449 708 614 791 intrasset,
648 709 804 793 oppidani
839 708 916 772 olim
953 708 1089 773 consilio
1121 708 1316 793 proditionis

296 797 419 882 agitato
443 798 621 885 adgregant
644 821 677 862 se
700 796 902 881 Amphotero
931 802 963 862 et
985 796 1185 885 Hegelocho,
1208 798 1316 864 Persa-

297 908 433 970 rumque
460 887 621 972 praesidio
653 909 746 952 caeso
770 887 998 951 Pharnabazus
1023 910 1095 953 cum
1119 887 1316 971 Apollonide

244 994 277 1041 18
297 979 330 1040 et
352 974 564 1063 Athenagora
586 978 686 1041 vincti
710 976 892 1061 traduntur,
915 994 965 1039 x11
989 978 1135 1041 triremes
1159 999 1234 1042 cum
1259 1000 1349 1043 suos

296 1065 400 1129 milite
430 1088 468 1131 ac
495 1066 626 1151 remige,
658 1070 786 1149 praeter
814 1086 866 1129 eas
895 1084 967 1129 xxx
991 1066 1101 1131 inanes
1130 1069 1163 1130 et
1186 1066 1315 1150 piratici

295 1154 394 1219 lembi
424 1153 683 1239 Graecorumque
711 1172 750 1218 111
777 1154 867 1219 milia
897 1154 1046 1220 aPersis
1074 1155 1219 1221 mercede
1244 1178 1316 1222 con·

296 1244 400 1309 ducta.
447 1243 508 1308 His
531 1244 566 1308 in
584 1243 848 1327 supplementum
868 1244 1034 1328 copiarum
1054 1265 1184 1309 suarum
1209 1245 1313 1310 distri·

296 1333 384 1397 butis
418 1333 597 1418 piratisque
632 1333 793 1417 supplicio
829 1333 966 1399 adfectis
998 1334 1144 1418 captivos
1176 1334 1316 1421 remiges

296 1422 439 1488 adiecere
462 1422 557 1486 classi
582 1445 666 1487 suae.
1330 1450 1351 1488 rr

244 1528 276 1576 19
363 1511 461 1575 Forte
484 1510 697 1594 Aristonicus,
725 1511 1026 1596 Methymnaeorum
1050 1515 1217 1597 tyrannus,
1243 1535 1315 1577 cum
1328 1514 1359 1572 al

295 1600 440 1684 piraticis
469 1601 605 1665 navibus
633 1603 765 1687 ignarus
795 1600 947 1684 omniurn,
978 1622 1059 1684 quae
1087 1601 1174 1685 apud
1198 1599 1316 1666 Chium

295 1694 367 1756 acta
390 1694 494 1774 erant,
522 1691 627 1775 prima
649 1690 763 1775 vigilia
791 1690 830 1753 ad
853 1693 969 1775 portus
998 1690 1139 1755 claustra
1162 1692 1317 1756 successit

295 1779 577 1865 interrogatusque
605 1802 625 1843 a
647 1778 844 1861 custodibus,
874 1779 946 1864 quis
974 1784 1066 1862 esset,
1094 1778 1316 1844 Aristonicum

241 1885 276 1933 20
295 1869 335 1933 ad
358 1868 602 1934 Pharnabazum
631 1869 740 1933 venire
768 1868 943 1954 respondit.
989 1868 1043 1933 Illi
1071 1868 1316 1934 Pharnabazum
1330 1893 1352 1935 re

296 1958 425 2042 quidem
450 1958 514 2022 iam
539 1958 702 2042 quiescere
730 1960 764 2021 et
789 1980 856 2022 non
884 1979 979 2041 posse
1007 1965 1076 2022 tum
1105 1958 1203 2043 adiri,
1236 1961 1316 2023 cete

258 2114 260 2119 ,
295 2070 367 2111 rum
391 2052 501 2131 patere
526 2047 615 2112 socio
639 2050 736 2130 atque
758 2046 881 2132 hospiti
900 2051 1031 2133 portum
1056 2052 1089 2112 et
1110 2052 1241 2131 postero
1267 2047 1316 2111 die

175 2179 178 2183 >
242 2154 275 2201 21
296 2136 496 2201 Pharnabazi
534 2137 660 2220 copiam
702 2137 771 2200 fore
809 2137 988 2201 adfirmant.
1048 2135 1119 2203 Nec
1156 2136 1318 2202 dubitavit

296 2225 502 2290 Aristonicus
525 2227 650 2310 primus
674 2227 803 2308 intrare,
827 2225 930 2290 secuti
954 2230 1030 2289 sunt
1052 2226 1166 2291 ducem
1185 2224 1316 2310 piratici

295 2315 407 2399 lembi,
440 2337 490 2397 ac,
523 2315 600 2379 dum
637 2314 801 2398 adplicant
837 2315 967 2401 navigia
1004 2315 1161 2398 crepidini
1193 2318 1317 2399 portus,
1331 2342 1354 2381 rr

297 2404 438 2469 obicitur
461 2428 480 2467 a
499 2403 654 2490 vigilibus
672 2403 859 2487 claustrum,
882 2407 923 2488 et,
947 2404 1003 2487 qui
1022 2404 1163 2488 proximi
1182 2404 1316 2469 excuba-

297 2494 390 2577 bant,
420 2493 460 2557 ab
487 2493 588 2557 isdem
612 2494 802 2557 excitantur.
848 2492 949 2558 Nullo
979 2516 1018 2558 ex
1047 2493 1088 2557 iis
1115 2515 1193 2557 auso
1223 2516 1316 2578 repu-

295 2605 393 2668 gnare
412 2583 562 2648 omnibus
579 2586 710 2648 catenae
729 2583 864 2648 iniectae
880 2586 964 2664 sunt,
980 2582 1182 2666 Amphotero
1202 2582 1317 2647 deinde

242 2689 275 2736 22
296 2671 549 2757 Hegelochoque
582 2672 762 2737 traduntur.
817 2671 904 2736 Hinc
935 2671 1126 2737 Macedones
1159 2672 1317 2737 transiere

295 2760 482 2845 Mytilenen.
533 2760 636 2838 Quam
666 2759 786 2826 Ghares
814 2760 1023 2826 Atheniensis
1051 2784 1154 2845 nuper
1182 2782 1317 2845 occupa·
1331 2785 1354 2826 rs

295 2854 363 2915 tam
391 2868 417 2914 11
441 2850 567 2915 milium
591 2849 760 2915 Persarum
788 2850 950 2935 praesidio
978 2850 1118 2934 tenebat,
1149 2851 1213 2933 sed,
1242 2872 1315 2915 cum

295 2940 493 3005 obsidionem
524 2938 662 3004 tolerare
690 2962 756 3004 non
784 2943 908 3025 posset,
936 2940 1017 3004 urbe
1046 2939 1166 3004 tradita
1193 2943 1317 3024 pactus,

294 3033 331 3093 ut
350 3029 503 3095 incolumi
524 3029 612 3094 abire
631 3028 753 3114 liceret,
770 3028 914 3093 lmbrum
934 3030 1024 3113 petit.
1071 3029 1197 3094 Deditis
1211 3028 1316 3094 Mace-

295 3119 394 3183 dones
418 3122 638 3203 pepercerunt.

366 3282 382 3327 3
402 3277 443 3347 se]
463 3293 492 3329 es
511 3282 541 3329 V.
614 3275 776 3346 Hegelocho
792 3277 1011 3331 Freinshemius:
1032 3276 1195 3346 egilochoP
1214 3294 1249 3331 m.
1261 3295 1317 3345 pr,

293 3346 422 3417 egilacho
451 3354 468 3400 0
494 3347 635 3418 [egilrcho
659 3348 698 3420 L].
809 3355 825 3402 4
853 3347 1022 3416 Apollonide
1049 3354 1074 3401 1:
1108 3346 1266 3417 apollinide
1284 3352 1315 3402 Δ.

296 3425 326 3472 11
342 3418 606 3487 Methymnaeorum
617 3419 732 3488 Ooapue:
748 3420 992 3488 methymneorum
1002 3426 1030 3485 P,
1045 3418 1315 3473 methimneorumc.

294 3490 543 3562 [mechimneorum
557 3493 600 3563 V].
709 3492 859 3562 tyrannus]
882 3492 1011 3544 tirannus
1029 3497 1056 3544 P.
1168 3495 1200 3544 16
1220 3491 1315 3563 posse]

293 3563 389 3631 posset
403 3567 423 3613 P
437 3580 471 3615 m.
483 3580 528 3631 pr.
588 3568 619 3616 17
639 3564 751 3631 postero
766 3569 799 3615 P:
819 3565 932 3631 postera
952 3568 976 3617 0.
1033 3569 1066 3616 22
1086 3561 1121 3615 iis
1140 3568 1165 3614 1:
1186 3561 1210 3616 is
1229 3566 1260 3615 Δ.

294 3633 374 3705 auso]
395 3649 467 3686 auxo
486 3639 514 3686 F.
578 3640 611 3687 23
630 3633 815 3705 Amphotero]
831 3635 986 3703 anphotero
1001 3640 1028 3687 P.
1092 3640 1126 3686 24
1140 3632 1317 3702 Hegelocho-

293 3721 348 3772 que
368 3705 471 3759 Aldue:
494 3705 684 3775 hegelocoque
703 3711 733 3760 A.
817 3706 901 3777 Hinc]
925 3706 971 3759 hic
990 3712 1020 3759 v.
1101 3710 1134 3757 25
1158 3703 1317 3773 Mytilenen

291 3777 403 3846 scripsi:
422 3775 588 3830 mithilenen
604 3783 634 3830 A.
708 3775 811 3830 Chares
834 3776 1011 3831 Vindelicos:
1032 3794 1108 3831 cares
1127 3781 1158 3829 A.
1233 3793 1317 3830 occu-

288 3848 403 3918 patam]
423 3850 592 3917 occupatum
610 3855 638 3902 1..
