3150 4459
287 438 357 504 ’136
668 438 699 503 Q.
720 438 829 493 OURTI
847 438 934 492 RUFI

289 607 345 667 aut
382 602 553 667 consilium
590 602 784 687 suppetebat
819 606 875 666 aut
906 622 983 683 vox,
1022 624 1094 667 cum
1125 601 1315 689 Artabazus,

289 693 527 761 vetustissimus
550 692 736 775 amicorum,
760 714 855 775 quem
874 690 1036 776 hospitem
1054 692 1155 756 fuisse
1168 691 1313 778 Philippi

289 804 387 865 supra
419 782 575 845 diximus:
614 780 694 845 ‘Nos
726 780 829 865 vero',
870 782 989 865 inquit,
1033 781 1313 863 ‘pretiosissimam

288 874 410 936 vestem
439 871 545 935 induti
573 872 749 954 armisque,
777 873 900 954 quanto
924 871 1065 934 maximo
1090 870 1180 935 cultu
1199 893 1312 954 possu-

288 983 374 1044 mus,
406 960 553 1026 adornati
585 982 694 1046 regem
718 959 753 1023 in
776 959 878 1025 aciem
906 980 1088 1044 sequemur,
1122 982 1159 1024 ea
1183 959 1312 1044 quidem
1342 983 1354 1023 s

287 1054 403 1133 mente,
426 1054 464 1114 ut
482 1050 652 1115 victoriam
672 1070 846 1133 speremus,
864 1052 1002 1114 mortem
1020 1071 1087 1112 non
1105 1052 1312 1115 recusemus’

252 1158 268 1205 a
287 1138 438 1204 Adsensu
462 1160 614 1222 excepere
638 1139 735 1204 ceteri
758 1139 843 1202 hanc
865 1159 990 1222 vocem,
1019 1138 1075 1201 sed
1097 1137 1313 1225 Nabarzanes,

288 1228 345 1312 qui
368 1229 403 1292 in
426 1228 539 1294 eodem
563 1226 699 1292 consilio
725 1231 807 1311 erat,
835 1249 909 1292 cum
931 1226 1031 1293 Besso
1056 1227 1194 1293 inauditi
1217 1232 1313 1294 antea

286 1318 440 1383 facinoris
464 1317 617 1382 societate
639 1316 722 1381 inita
744 1338 853 1402 regem
877 1338 971 1382 suum
994 1338 1052 1401 per
1075 1317 1209 1401 milites,
1242 1319 1311 1401 qui-

286 1405 475 1471 bus-ambo
507 1409 691 1491 praeerant,
724 1406 983 1490 conprehendere
1007 1410 1039 1471 et
1062 1406 1184 1470 vincire
1207 1407 1311 1473 decre·
1327 1430 1355 1469 ιο

286 1499 413 1581 verant,
445 1518 483 1559 ea
514 1499 634 1578 mente,
667 1498 717 1579 ut,
750 1496 776 1559 si
809 1493 993 1560 Alexander
1026 1496 1114 1579 ipsos
1146 1496 1311 1562 insecutus

286 1586 384 1670 foret,
430 1585 550 1649 tradito
596 1606 672 1670 rege
713 1585 787 1650 vivo
829 1584 949 1649 inirent
990 1584 1128 1671 gratiam
1170 1586 1313 1669 victoris,

287 1674 397 1761 magni
419 1674 566 1759 profecto
590 1675 713 1758 cepisse
731 1673 874 1739 Dareum
897 1674 1107 1758 aestimaturi,
1131 1676 1310 1739 sinautem

217 1844 219 1848 Ι
286 1784 360 1828 aum
401 1764 543 1849 effugere
583 1763 780 1847 potuissent,
824 1762 994 1828 interfecto
1032 1762 1138 1829 Dareo
1175 1785 1311 1850 regnum

249 1874 266 1921 a
286 1854 347 1937 ipsi
370 1856 564 1937 occuparent
582 1854 767 1936 bellumque
786 1855 986 1918 renovarent.
1015 1851 1087 1918 Hoc
1101 1852 1311 1937 parricidium
1327 1878 1353 1918 ιι

286 1963 359 2006 cum
383 1943 439 2006 diu
462 1941 673 2026 volutassent,
702 1940 908 2006 Nabarzanes
932 1942 1056 2007 aditum
1074 1942 1219 2008 'nefariae
1243 1943 1312 2026 spei

285 2053 494 2116 praeparans:
531 2029 618 2096 ‘Scio
651 2029 728 2115 me',
760 2031 884 2115 inquit,
918 2032 1122 2096 ‘sententiam
1152 2052 1221 2095 esse
1249 2032 1313 2096 dic·

285 2124 394 2185 turum
416 2121 523 2205 prima
541 2120 647 2204 specie
665 2120 916 2205 haudquaquam
935 2120 1067 2185 auribus
1085 2121 1150 2185 tuis
1170 2123 1313 2207 gratam:

285 2210 341 2273 sed
368 2210 484 2275 medici
512 2231 641 2293 quoque
668 2210 832 2295 graviores
860 2210 992 2274 morbos
1016 2211 1138 2294 asperis
1162 2210 1312 2274 remediis

286 2303 408 2383 curant,
440 2302 473 2363 et
496 2298 702 2386 gubernator,
733 2298 792 2363 ubi
814 2299 1019 2384 naufragium
1045 2300 1148 2381 timet,
1180 2301 1354 2380 iacturam

248 2408 266 2455 4
286 2387 444 2472 quidquid
467 2390 587 2453 servari
609 2392 734 2472 potest,
757 2388 895 2453 redimit.
940 2388 1012 2474 Ego
1037 2391 1159 2471 tamen,
1185 2409 1252 2452 non
1275 2392 1312 2452 ut

285 2477 437 2542 damnum
461 2477 591 2560 quidem
618 2478 728 2561 facias,
760 2477 889 2561 suadeo,
922 2477 977 2542 sed
1000 2480 1038 2542 ut
1061 2480 1092 2541 te
1116 2499 1151 2542 ac
1174 2500 1311 2564 regnum

284 2570 377 2631 tuum
406 2566 528 2631 salubri
555 2566 681 2631 ratione
709 2588 887 2632 conserves.
934 2566 993 2632 Dis
1022 2566 1166 2631 adversis
1188 2567 1311 2631 bellum

284 2656 414 2738 inimus,
438 2660 470 2719 et
495 2656 644 2740 pertinax
667 2657 800 2721 fortuna
818 2655 933 2720 Persas
956 2677 1071 2741 urgere
1094 2678 1160 2721 non
1180 2656 1311 2720 desinit:

283 2746 378 2811 novis
405 2744 507 2809 initiis
532 2750 563 2810 et
586 2745 748 2811 ominibus
772 2766 854 2829 opus
879 2749 935 2809 est.
984 2744 1177 2829 Auspicium
1201 2749 1233 2810 et
1254 2745 1312 2808 im·
1326 2773 1352 2813 ss

357 2908 371 2955 1
391 2902 560 2974 Artabazus]
576 2902 744 2956 arthabazus
759 2907 845 2969 BLV,
866 2902 1037 2955 archabanus
1051 2908 1079 2955 P.
1136 2909 1151 2955 2
1170 2902 1298 2971 Philippi

284 2973 417 3043 phylippi
435 2980 465 3041 11,
483 2974 576 3043 filippi
594 2980 625 3028 V.
687 2980 809 3043 3supra
828 2973 989 3029 Acidaliae:
1009 2990 1093 3041 saepe
1112 2979 1142 3027 A.
1203 2973 1298 3041 inquit

284 3046 576 3189 :statuat
623 3045 1310 3172 t‘tttstitltttatttttritta·

284 3189 350 3244 add.
360 3189 392 3243 in
401 3191 526 3259 marpissa
535 3190 663 3257 mortem,
673 3188 863 3243 inrhostem.
903 3159 1217 3259 'lexoeperesexcipere
1227 3194 1255 3241 P.

283 3258 477 3332 Nabarzanes]
493 3260 665 3313 nebarzanes
680 3265 700 3312 B
714 3277 749 3313 m.
761 3277 816 3328 pr„
831 3258 990 3313 nabazanes
1005 3265 1032 3312 P.
1090 3264 1123 3312 10
1138 3260 1310 3328 conprehen-

285 3330 363 3401 dere]
384 3332 591 3400 conpreendere
610 3337 639 3385 1..
720 3330 837 3401 vincire]
856 3330 972 3385 uincere
990 3335 1010 3382 B
1027 3348 1061 3384 aa.
1071 3348 1118 3400 pr.
1137 3336 1206 3385 Pm.
1217 3348 1263 3400 pr.
1278 3338 1309 3383 v.

285 3407 318 3456 11
333 3401 424 3474 ipsos]
439 3402 502 3471 ipso
516 3409 536 3455 P
550 3421 584 3457 m.
595 3420 641 3471 pr.
699 3408 732 3457 13
746 3402 845 3472 magni
855 3408 885 3455 0:
900 3408 1078 3472 magnol’m.
1089 3419 1135 3471 pr.
1150 3408 1171 3454 r
1185 3418 1254 3457 corr.

286 3473 406 3544 cepisse]
431 3473 596 3543 coepisseB
619 3492 654 3527 m.
673 3492 720 3543 pr.
826 3473 1004 3527 aestimaturi
1025 3474 1194 3528 Frobcatus:
1224 3473 1310 3527 aesti-

284 3544 357 3598 mari
375 3550 406 3598 Δ.
499 3550 533 3599 16
551 3544 752 3670 Nabarzanes]
773 3544 945 3598 nabarzenes
963 3551 992 3599 F.
1084 3544 1205 3616 aditum]
1228 3545 1310 3599 addi-

283 3617 346 3669 tum
359 3622 391 3671 V.
475 3621 507 3670 17
526 3616 633 3687 inquit]
651 3616 732 3685 inqui
770 3623 799 3670 Ι..
888 3620 921 3668 18
936 3616 1169 3686 haudquaquam]
1189 3619 1310 3684 autqua-

284 3703 370 3755 quam
384 3693 416 3756 V,
430 3686 630 3756 heuquaquam
649 3694 718 3741 Por.
728 3705 774 3757 pr.
831 3688 953 3759 gratam]
969 3687 1091 3757 gratiam
1105 3693 1135 3739 V.
1193 3692 1226 3741 19
1245 3706 1310 3757 gra-

283 3757 385 3841 viores]
405 3774 538 3829 granores
557 3765 586 3826 L,
604 3758 750 3831 grauiores
764 3765 796 3812 V.
895 3764 928 3812 22
948 3758 1047 3829 facias]
1069 3758 1156 3811 facies
1174 3764 1195 3810 P
1215 3776 1250 3813 m.
1261 3777 1308 3828 pr.

276 3835 314 3880 21
331 3830 439 3883 inrmus
457 3836 485 3884 1.-
510 3829 617 3884 inimur
632 3836 663 3886 Δ,
756 3835 789 3883 25
814 3829 916 3901 initiis]
940 3829 1034 3884 iniciis
1058 3835 1114 3883 PV.
1207 3830 1309 3884 omini·
