3150 4459
308 446 350 510 84
688 445 718 511 Q.
739 445 849 500 oun'rl
867 445 955 500 RUFI

273 610 506 695 rMassagetac
539 611 664 674 duobus
702 611 834 675 milibus
873 634 989 697 agmen
1026 611 1095 675 eius
1129 610 1289 677 claudebant
1321 647 1328 690 ·.

306 698 435 764 Pedites
464 698 514 763 his
542 700 685 784 plurium
714 702 860 785 gentium
887 723 953 766 non
977 701 1144 784 inmixtos,
1173 700 1227 765 sed
1245 717 1292 764 sua
1322 702 1349 746 m

307 790 461 874 cuiusque
480 790 621 854 nationis
645 790 793 854 iunxerat
817 789 933 874 copias.
980 788 1096 855 Persas
1116 790 1228 855 deinde
1247 807 1293 854 cm
1325 791 1349 866 P

306 879 427 943 Mardis
444 877 680 962 Sogdianisque
694 878 929 944 Ariobarzanes
949 883 981 944 et
996 877 1214 945 Orontobates
1232 879 1296 943 dra
1333 879 1349 953 A,

270 968 395 1033 abant.
436 966 488 1031 illi
506 969 653 1051 partibus
673 968 848 1053 copiarum,
867 990 1013 1034 summae
1027 966 1160 1034 Orsines
1174 969 1300 1054 praeerat
1334 971 1349 1008 l

307 1081 325 1122 a
348 1061 470 1140 septem
490 1056 597 1121 Persis
617 1058 781 1140 oriundus,
805 1059 844 1122 ad
864 1057 983 1141 Cyrum
1008 1079 1148 1142 quoque,
1172 1055 1300 1124 nobilissi-
1342 1060 1349 1138 ἒ

271 1166 287 1213 9
308 1169 396 1211 mum
418 1168 537 1231 regem,
566 1148 724 1232 originem
748 1148 798 1211 sui
822 1148 971 1213 referens.
1018 1146 1087 1211 Hos
1113 1147 1196 1212 aliae
1220 1149 1302 1233 genta
1343 1153 1349 1193 ῑ

306 1258 347 1299 ne
370 1237 467 1301 sociis
490 1236 621 1318 quidem
650 1238 729 1300 satis
753 1241 848 1302 notae
873 1237 1101 1320 sequebantur.
1148 1235 1229 1302 Post
1249 1255 1304 1321 quas
1346 1259 1349 1319 ᾗ

306 1344 328 1389 L
349 1325 520 1411 quadrigas
540 1325 717 1390 Phradates
741 1348 860 1411 magno
881 1325 1072 1410 Caspiorum
1091 1328 1223 1413 agmine
1245 1328 1306 1390 ants
1346 1358 1349 1376 ι

307 1416 448 1480 cedebat.
502 1414 575 1479 lndi
599 1416 760 1499 ceterique
783 1414 888 1480 Rubri
910 1416 1008 1480 maris
1032 1417 1172 1500 accolae,
1201 1416 1308 1481 nomin
1346 1435 1349 1464 1

254 1505 414 1573 roverius
443 1528 540 1590 quam
564 1504 693 1587 auxilia,
721 1508 797 1589 post
825 1526 938 1569 currus
967 1508 1066 1569 arant.
1114 1504 1309 1570 Claudebatur
1347 1526 1349 1538 ¹

306 1595 368 1660 hcc
401 1616 519 1680 agmen
551 1594 623 1658 aliis
656 1595 783 1659 falcatis
818 1595 979 1677 curribus,
1017 1595 1090 1677 quis
1123 1594 1310 1681 peregrinum

306 1685 443 1747 militem
467 1684 664 1748 adiunxerat.
710 1683 808 1748 Hunc
825 1683 981 1767 Armenii,
1006 1705 1087 1768 quos
1111 1686 1254 1750 minores
1274 1703 1310 1766 up

269 1775 271 1777 ’
306 1774 438 1857 pellant,
462 1773 634 1838 Armenios
657 1772 845 1856 Babylonii,
872 1778 1028 1856 utrosque
1051 1773 1179 1839 Belitae
1204 1778 1249 1857 et,
1271 1769 1312 1855 qui

254 1882 285 1930 11
306 1866 434 1927 montes
455 1861 666 1927 Cossaeorum
685 1862 879 1946 incolebant,
901 1862 1127 1946 sequebantur.
1173 1861 1253 1928 Post
1268 1861 1312 1926 bos

307 1952 398 2016 ibant
422 1950 574 2035 Gortuae,
602 1952 708 2036 gentis
734 1952 863 2036 quidem
886 1951 1064 2036 Euboicae,
1092 1950 1208 2020 Medos
1232 1971 1313 2036 quon·

307 2042 380 2106 dam
404 2042 520 2124 secuti,
549 2042 604 2106 sed
627 2041 691 2106 ianr
715 2041 887 2127 degeneres
917 2045 949 2105 et
972 2042 1070 2126 patrii
1093 2042 1195 2106 moris
1219 2039 1313 2129 ignari

306 2130 519 2215 Adplicuerat
547 2130 598 2195 his
623 2130 769 2215 Phrygas
799 2135 831 2194 et
860 2129 1027 2195 Cataonas
1073 2128 1314 2215 Parthyaeorum

307 2221 420 2284 deinde
457 2241 537 2306 gens
574 2220 785 2285 incolentium
823 2224 938 2303 terras,
976 2242 1055 2303 quas
1093 2241 1181 2285 nunc
1219 2217 1315 2285 Parthi

307 2309 442 2392 Scythia
481 2309 619 2394 profecti
655 2313 780 2391 tenent,
823 2308 1014 2374 claudebant
1057 2330 1181 2394 agmen.
1244 2308 1316 2374 flea

253 2420 286 2467 12
306 2399 430 2463 sinistri
463 2420 578 2464 cornus
611 2400 709 2464 facies
739 2399 812 2463 fuit.
865 2398 1024 2462 Dextrum
1055 2400 1210 2464 tenebant
1242 2398 1316 2464 nabo

306 2488 438 2553 Maioris
470 2487 642 2553 Armeniae
671 2487 866 2572 Cadusiique
898 2494 930 2551 et
955 2487 1162 2572 Cappadoces
1194 2493 1229 2554 et
1258 2485 1317 2573 Syri

254 2598 287 2646 13
307 2600 344 2644 ac
362 2578 459 2643 Medi.
505 2577 567 2642 His
588 2599 718 2661 quoque
736 2578 847 2642 falcati
867 2598 977 2641 currus
1002 2595 1024 2640 L
1048 2581 1149 2642 erant.
1198 2577 1318 2644 Summa

306 2669 408 2732 totius
432 2669 601 2752 exercitus,
626 2668 749 2750 equites
772 2684 845 2730 xnv
868 2666 967 2749 milia,
994 2665 1156 2750 pedestris
1180 2669 1266 2733 acies
1286 2679 1318 2731 00

306 2758 397 2822 milia
420 2757 611 2841 expleverat.
658 2756 731 2820 Hoc
754 2756 851 2822 modo
871 2756 1023 2820 instructi
1045 2773 1070 2819 x
1094 2757 1200 2821 stadia
1222 2776 1318 2841 proce

307 2847 388 2911 dunt
420 2846 564 2930 iussique
594 2847 769 2911 subsistere
799 2848 916 2909 armati
945 2845 1074 2909 hostem
1108 2847 1318 2930 expectabant.

254 2956 287 3004 14
375 2935 551 3000 Alexandri
580 2936 755 3001 exercitum
783 2958 898 3019 pavor,
926 2935 1017 2999 cuius
1047 2956 1143 3000 causa
1166 2958 1236 3001 non
1258 2933 1320 3001 sub

378 3136 394 3183 3
414 3130 549 3198 cuiusque
564 3131 708 3184 Halmius:
729 3129 849 3197 quisque
863 3134 893 3182 A.
967 3133 984 3181 4
1002 3127 1210 3183 Ariobarzanes
1224 3130 1321 3184 Low:
1347 3149 1349 3154 ·

306 3202 503 3256 oriebaraanes
532 3207 561 3256 A.
681 3200 869 3255 Orontobates
902 3201 1062 3268 Zumpta'us:
1097 3199 1273 3255 orionibates
1297 3204 1321 3252 A.

307 3280 340 3326 1⁴2
360 3274 475 3345 agmen]
490 3289 601 3343 agmem
615 3279 646 3326 v.
703 3277 737 3325 13
752 3271 1170 3395 adiunxerat]badiunxerant1²
1184 3289 1222 3326 m.
1233 3290 1278 3343 pr.

305 3345 445 3417 Armenii]
471 3345 555 3398 armti
576 3351 596 3397 P
617 3363 651 3398 m.
670 3362 715 3413 pr.
827 3348 860 3397 14
887 3344 929 3396 Ba
950 3342 1052 3415 ylonii]
1082 3342 1226 3398 babilonii
1251 3346 1323 3397 ΠΝ.

307 3423 340 3470 15
361 3416 544 3470 Cossaeorum
558 3417 727 3471 Frobeaa'us:
747 3430 948 3484 quossaeorum
967 3420 997 3468 A.
1055 3420 1087 3467 16
1107 3414 1202 3484 gentis
1218 3416 1325 3471 Μησ-

306 3491 422 3543 hesaias:
442 3490 540 3557 gentes
556 3494 585 3541 A.
646 3487 802 3558 Euboicae]
822 3486 956 3541 euboeiae
971 3491 999 3539 r.
1056 3492 1088 3539 1'1
1104 3486 1205 3612 0011ήὲ]
1223 3486 1326 3557 patri!

305 3566 427 3629 m.pr.1’
441 3578 531 3627 capr.
588 3565 620 3613 18
636 3561 771 3629 Phrygas]
784 3558 901 3629 phrigas
915 3564 944 3625 A,
958 3558 1080 3628 phrycas
1090 3562 1120 3611 V.
1200 3555 1326 3629 ataonu]

307 3635 423 3685 catenas
442 3638 462 3683 F
481 3649 516 3685 m.
534 3649 579 3700 pr.
671 3630 893 3699 Parthyaeorum
913 3630 1070 3698 Zumptius:
1095 3628 1327 3699 parthoyrumlt

306 3703 513 3774 parthoinrmc
534 3703 702 3774 [partoirum
716 3702 756 3773 F]
813 3707 847 3755 20
868 3701 984 3770 Scythia
998 3707 1024 3753 1:
1045 3700 1136 3769 scytia
1150 3706 1183 3756 A.
1243 3708 1277 3757 21
1292 3701 1328 3756 fa

306 3776 363 3829 cies
381 3781 407 3828 1:
428 3775 503 3829 acies
523 3778 552 3829 A.
617 3780 650 3827 22
669 3773 819 3829 Armeniae
834 3779 859 3826 1:
880 3772 1039 3827 armoeniae
1058 3777 1088 3826 A.
1149 3777 1185 3831 23
1206 3772 1329 3844 Summa]

306 3865 444 3901 summam
463 3852 490 3900 Ρ.
565 3853 599 3899 24
618 3865 671 3901 xnv
690 3845 780 3916 milia]
801 3865 853 3900 xnv
872 3850 954 3898 HV.
