3150 4459
452 438 704 493 HISTORIARUM
723 439 939 493 ALEXANDRI
956 440 1002 506 111,
1024 447 1064 494 11.
1082 446 1122 494 12.
1253 441 1294 504 31

263 606 439 688 fortunae,
476 610 629 690 quantam
665 609 758 689 pater
795 606 862 671 eius
895 606 991 690 paulo
1030 610 1103 669 ante
1135 608 1297 690 amiserat,

266 696 430 781 genitum.
476 695 522 759 At
545 696 578 759 in
609 693 732 781 gremio
761 718 841 760 anus
870 697 960 760 aviae
991 696 1138 760 iacebant
1168 696 1296 761 adultae
1315 717 1348 763 25

267 786 357 849 duae
375 785 516 871 virgines
535 806 601 849 non
620 806 677 850 suo
697 789 834 867 tanturn,
853 786 908 848 sed
927 787 1023 849 etiam
1044 784 1132 848 illius
1151 808 1295 850 maerore

268 874 449 939 confectae.
486 872 605 959 Ingens
620 876 789 940 circaeam
810 875 969 938 nobilium
989 874 1181 939 feminarum
1200 876 1296 939 turba

238 964 463 1029 sconstiterat
485 963 632 1028 laceratis
652 964 795 1028 crinibus
819 963 1024 1048 abscissaque
1043 967 1141 1049 veste,
1164 966 1258 1048 prist'
1287 966 1293 978 ‘

268 1052 398 1118 decoris
416 1053 618 1136 inmemores,
640 1054 767 1138 reginas
786 1052 996 1137 dominasque
1016 1053 1099 1118 veris
1123 1055 1295 1137 quondam,

267 1146 352 1206 tunc
375 1143 488 1207 alionis
512 1143 697 1207 nominibus
724 1144 918 1207 invocantes.
960 1140 1039 1207 Illae
1068 1164 1143 1207 suae
1168 1144 1295 1207 calami·
1314 1164 1347 1211 16

267 1232 351 1296 tatis
374 1232 503 1315 oblitae,
525 1232 559 1295 in
578 1235 651 1297 utro
676 1253 777 1296 cornu
799 1232 923 1296 Dareus
948 1234 1103 1315 stetisset,
1127 1254 1208 1315 quae
1232 1233 1294 1298 for-

268 1324 353 1385 tuna
367 1322 561 1387 discriminis
574 1322 699 1405 fuisset,
714 1322 934 1405 requirebant:
948 1322 1112 1407 negabant
1126 1343 1159 1385 se
1174 1326 1294 1407 captas,

225 1439 253 1477 ro
269 1413 300 1475 si
330 1409 453 1475 viveret
482 1434 547 1476 rex.
596 1409 658 1475 Sed
688 1411 781 1475 illum
813 1432 912 1494 equos
948 1411 1084 1476 subinde
1114 1416 1294 1475 mutantem

268 1500 403 1585 longius
425 1501 504 1586 fuga
527 1500 712 1565 abstulerat.

338 1590 374 1653 ln
394 1590 460 1653 acie
479 1593 586 1654 autem
605 1612 697 1654 caesa
716 1594 792 1655 sunt
808 1588 978 1654 Persarum
996 1590 1142 1673 peditum
1159 1608 1178 1654 o
1193 1591 1293 1668 mitta,
1313 1612 1347 1660 27

268 1679 381 1743 decem
401 1679 555 1763 equitum,
574 1683 608 1743 at
627 1684 755 1764 aparte
773 1678 950 1744 Alexandri
969 1678 1009 1743 ad
1030 1684 1184 1763 quattuor
1202 1680 1294 1744 milia

268 1768 443 1853 quingenti
462 1770 561 1834 saucii
580 1769 678 1849 fuere,
702 1790 739 1831 ex
758 1769 922 1853 peditibus
943 1785 1006 1833 occ
1027 1769 1158 1833 omnino
1178 1771 1211 1834 et
1230 1770 1293 1834 duo

223 1882 252 1923 15
269 1858 443 1922 desiderati
474 1862 562 1941 sunt,
595 1859 740 1942 equitum
771 1860 900 1922 centum
931 1859 1168 1943 quinquaginta
1198 1860 1294 1922 inter-

268 1947 358 2013 fecti.
404 1948 543 2012 Tantulo
568 1948 720 2031 inpendio
744 1948 859 2033 ingens
883 1948 1018 2012 victoria
1042 1948 1141 2012 stetit.

219 2040 252 2095 10
337 2036 410 2101 Rex
439 2037 564 2101 avidius
587 2036 728 2102 Dareum
756 2038 978 2121 persequendo
1006 2037 1175 2122 fatigatus,
1206 2041 1292 2121 post·
1308 2047 1360 2100 XII

270 2148 370 2209 quam
393 2131 426 2190 et
448 2148 513 2191 nox
536 2126 707 2211 adpetebat
730 2130 763 2190 ot
786 2127 1003 2209 consequendi
1029 2148 1102 2210 spes
1125 2148 1190 2189 non
1215 2131 1292 2210 erat,

268 2217 304 2279 iu
329 2220 433 2279 eastra
462 2218 560 2300 paulo
590 2220 664 2279 ante
688 2239 706 2280 a
734 2217 800 2280 suis
832 2220 925 2300 capta
954 2217 1109 2299 pervenit.
1155 2213 1327 2285 Invitaria

223 2333 252 2373 ao
268 2304 385 2369 deinde
397 2305 526 2386 amicos,
535 2306 652 2388 quibus
660 2306 798 2369 maxime
810 2306 1008 2389 adsueverat,
1016 2305 1110 2370 iussit
1119 2344 1160 2351 —
1171 2306 1292 2390 quippe

268 2416 397 2457 summa
421 2396 588 2459 dumtaxat
617 2396 700 2458 cutis
728 2397 763 2459 in
784 2395 903 2459 femine
931 2394 1102 2478 perstricta
1129 2417 1195 2458 uon
1219 2416 1292 2479 pro·

267 2483 564 2549 hibebatinteresse
572 2484 720 2551 convivio
729 2506 860 2568 —‚cum
867 2485 1181 2568 repenteeproximo
1189 2485 1293 2548 taber·
1311 2507 1326 2553 3

267 2572 387 2638 naculo
422 2573 571 2659 lugubris
604 2576 724 2638 clamor
761 2573 898 2637 barbaro
937 2574 1062 2637 ululatu
1095 2573 1291 2657 planctuque

268 2664 450 2747 permixtus
474 2665 639 2747 epulantes
664 2664 849 2727 conterruit.
898 2661 1021 2727 Cohors
1045 2685 1183 2746 quoque,
1209 2684 1291 2746 qnae

226 2780 253 2821 as
267 2753 450 2816 excubabat
478 2751 518 2815 ad
545 2753 788 2818 tabernaculum
817 2753 918 2838 regis,
948 2752 1061 2835 verita,
1091 2774 1131 2816 ne
1159 2752 1291 2817 maioris

266 2845 379 2906 motus
409 2842 605 2925 principium
636 2846 732 2924 esset,
762 2864 885 2907 armare
917 2863 950 2906 se
983 2845 1140 2925 coeperat.
1189 2840 1326 2911 (lausai

267 2931 371 2995 subiti
402 2931 531 3014 pavoris
558 2932 635 3015 init,
665 2930 751 3015 quod
783 2936 887 2995 mater
914 2953 1061 3014 uxorque
1091 2930 1188 2994 Darei
1218 2953 1290 2994 cum

267 3022 408 3105 captivis
426 3020 590 3085 nobilibus
609 3043 728 3107 regem,
752 3043 847 3105 quem
867 3021 1074 3086 interfectum
1093 3042 1162 3084 esse
1186 3021 1292 3085 crede-
1329 3021 1332 3025 ’

343 3276 358 3324 1
378 3269 525 3339 quanm
545 3271 680 3337 quantem
698 3275 728 3323 V.
803 3275 819 3322 b
839 3270 1020 3337 abscissaque
1039 3269 1147 3323 Laucr:
1167 3268 1290 3321 abscisa-

267 3357 324 3410 que
343 3346 374 3394 A.
457 3341 612 3411 tdeeoris]
632 3342 746 3395 decores
764 3346 785 3393 P
803 3359 838 3395 m.
849 3359 894 3410 pr.
982 3340 1054 3393 veris
1076 3340 1292 3394 (1111111111-

265 3414 307 3467 ris
322 3418 353 3465 A.
410 3417 426 3465 8
445 3413 521 3484 utro]
535 3414 655 3481 utroque
668 3418 689 3465 r
707 3429 776 3467 corr.
791 3418 847 3481 LV,
867 3415 947 3466 utro*
961 3418 990 3466 Ρ.
1046 3412 1143 3483 comu]
1158 3427 1248 3464 nornu
1261 3417 1291 3477 1³,

266 3502 340 3539 ornu
349 3490 369 3537 Ρ
379 3502 466 3553 mpr.
503 3502 575 3553 quae
584 3484 699 3538 fortuna
709 3484 880 3538 discriminis
891 3501 940 3538 om.
951 3489 1015 3539 Pm.
1021 3502 1067 3553 pr.
1107 3490 1139 3537 12
1151 3502 1166 3535 o
1176 3484 1255 3537 milia
1265 3489 1290 3536 1:

268 3562 330 3610 cA.
389 3563 422 3610 13
438 3556 486 3627 ad]
502 3560 591 3610 atFP
605 3575 640 3611 m.
651 3564 715 3625 pr?
770 3559 905 3625 quattuor
923 3557 1002 3610 milia
1017 3555 1166 3624 quingenti
1180 3557 1290 3624 scripsi:

266 3631 405 3698 quattuor
423 3628 572 3698 quingenti
590 3633 674 3695 ΠΡ,
694 3631 830 3697 quattuor
848 3630 877 3681 et
895 3628 1043 3697 quingenti
1061 3632 1081 3679 B
1100 3632 1204 3682 cora!
1223 3643 1291 3681 corr.

266 3706 323 3755 LV.
412 3706 445 3754 14
464 3718 513 3753 occ
531 3703 642 3769 scripsi:
667 3705 766 3754 xxxA.
860 3704 893 3752 17
913 3698 1022 3752 avidius
1042 3699 1153 3768 Stanpl:
1174 3699 1222 3765 qui
1242 3698 1291 3750 diu

266 3778 298 3826 A.
373 3772 525 3843 fatigatus]
544 3772 657 3842 sagatus
675 3778 696 3825 P
714 3789 748 3827 m.
759 3791 815 3841 pu,
835 3772 970 3841 fatigatos
985 3775 1008 3822 V
1027 3789 1060 3824 m.
1074 3789 1117 3841 pr.
1192 3775 1225 3822 25
1245 3786 1290 3820 ex-

266 3843 404 3914 cubabat]
424 3843 581 3899 excubebat
599 3849 620 3896 B
638 3863 673 3899 m.
683 3862 729 3915 pr.
803 3844 890 3915 regis]
909 3842 970 3913 regi
989 3848 1008 3895 P
1026 3860 1062 3897 111.
1076 3860 1120 3913 pr.
