3150 4459
309 448 375 512 264
689 448 720 513 Q.
740 448 850 503 CURTI
868 449 954 503 RUFI

310 611 466 695 obsequio
495 613 533 676 de
564 612 616 677 die
640 612 825 677 convivium
848 612 997 697 apparari
1020 612 1110 676 iubet
1133 614 1289 698 vinoque
1314 620 1345 680 et

274 719 289 766 o
309 701 415 785 epulis
433 703 542 788 gravis
561 706 594 766 et
613 702 825 767 semisomnus
845 702 878 766 in
898 702 1082 767 cubiculum
1097 702 1212 767 fertur.
1239 703 1345 781 Quem

309 795 346 854 ut
369 790 435 856 alto
460 795 492 856 et
514 790 606 878 gravi
630 813 743 856 somno
767 791 911 875 sopitum
935 813 1005 855 esse
1032 791 1131 855 sensit
1152 815 1251 877 uxor,
1277 797 1345 881 gla-

309 880 407 963 dium,
437 903 533 964 quem
557 884 646 945 veste
670 880 896 964 occultaverat,
924 880 1056 967 stringit
1079 886 1249 965 caputque
1275 885 1345 949 eius

308 969 469 1035 abscisum
502 992 614 1035 cruore
642 991 788 1054 respersa
817 991 909 1034 servo
940 991 998 1034 suo
1025 970 1155 1035 conscio
1180 969 1345 1039 facinoris
1371 1000 1380 1039 1

257 1075 289 1122 1ο
307 1059 415 1123 tradit.
453 1058 579 1124 Eodem
602 1061 786 1143 comitante,
810 1059 906 1123 sicuti
929 1063 998 1123 erat
1021 1063 1153 1123 cruenta
1176 1066 1284 1146 veste,
1309 1064 1346 1127 in
1361 1069 1389 1123 12

307 1147 521 1213 Macedonum
564 1155 668 1213 castra
708 1149 856 1233 pervenit
896 1149 1103 1231 nuntiarique
1144 1147 1345 1217 Alexandro

256 1255 286 1301 11
307 1237 407 1322 iubet,
430 1259 509 1322 esse,
537 1260 618 1321 quae
642 1260 681 1301 ex
704 1239 775 1322 ipsa
795 1238 924 1303 deberet
948 1259 1129 1324 agnoscere.
1176 1237 1242 1303 Ille
1268 1264 1345 1325 pro-

307 1327 396 1390 tinus
429 1327 596 1391 barbaram
629 1328 725 1392 iussit
757 1327 893 1391 admitti.
947 1326 1051 1402 Quam
1083 1330 1120 1390 ut
1151 1350 1344 1413 respersam

307 1436 421 1481 cruore
450 1416 632 1500 conspexit,
663 1420 753 1481 ratus
783 1416 825 1479 ad
847 1416 1076 1499 deplorandam
1100 1421 1344 1485 contumeliam
1360 1447 1382 1487 1⁰

255 1522 287 1570 12
307 1506 447 1588 venisse,
479 1505 598 1589 dicere,
630 1527 712 1588 quae
744 1508 856 1589 vellet,
888 1505 986 1569 iubet.
1032 1503 1078 1568 At
1105 1504 1162 1570 illa
1193 1528 1345 1595 servum,

308 1616 402 1678 quem
425 1595 461 1659 in
483 1595 643 1659 vestibulo
668 1598 753 1659 stare
777 1596 923 1676 iusserat,
947 1595 1108 1659 introduci
1128 1595 1345 1664 desideravit.

309 1683 380 1767 Qui,
405 1684 481 1769 quia
505 1688 602 1767 caput
627 1684 823 1768 Spitamenis
847 1689 937 1748 veste
960 1688 1083 1749 tectum
1105 1683 1263 1771 habebat,
1289 1710 1345 1752 su-

253 1791 286 1839 13
306 1776 434 1857 spectus
458 1772 686 1857 scrutantibus,
718 1774 797 1856 quid
821 1774 991 1856 occuleret,
1015 1773 1165 1838 ostendit.
1213 1774 1343 1843 Confu-

306 1862 397 1928 derat
415 1862 481 1926 oris
506 1864 676 1947 exsanguis
695 1867 789 1927 notas
808 1866 922 1946 pallor,
945 1884 1013 1945 nec,
1038 1863 1110 1946 quis
1129 1868 1222 1947 esset,
1243 1869 1343 1931 nosci
1357 1900 1381 1939 1⁵

306 1952 385 2017 satis
407 1955 549 2035 poterat:
573 1974 649 2039 ergo
673 1973 729 2016 rex
753 1953 872 2017 certior
894 1951 1009 2035 factus,
1031 1953 1210 2016 humanum
1235 1961 1343 2040 capnt

306 2041 430 2105 adferre
453 2063 537 2125 eum,
559 2041 766 2123 tabernaculo
792 2042 928 2105 excessit
949 2044 1231 2125 percontatusque,
1258 2046 1342 2126 quid

253 2150 286 2197 14
305 2131 353 2196 rei
376 2132 431 2214 sit,
464 2132 522 2195 illo
552 2131 724 2214 profitente
747 2132 922 2215 cognoscit.
968 2130 1086 2194 Variae
1109 2130 1185 2195 hinc
1208 2136 1343 2219 cogita-

305 2220 409 2284 tiones
428 2218 565 2284 invicem
585 2220 728 2285 animum
748 2220 874 2284 dive'rsa
888 2221 1064 2306 agitantem
1080 2229 1339 2289 commoverant.

304 2308 458 2373 Meritum
478 2308 592 2395 ingens
611 2308 645 2373 in
664 2313 766 2373 semet
784 2331 854 2373 esse
873 2310 1031 2392 credebat,
1055 2308 1141 2393 qnod
1159 2313 1341 2399 transfuga
1354 2346 1380 2385 ,ο

305 2402 337 2463 et
360 2397 515 2482 proditor,
538 2399 638 2462 tantis
656 2398 761 2481 rebus,
786 2398 813 2463 si
832 2399 974 2480 vixisset,
997 2400 1173 2463 iniecturus
1194 2422 1339 2486 moram,

305 2488 493 2553 interfectus
528 2493 625 2551 esset:
662 2491 774 2552 contra
805 2488 932 2552 facinus
964 2491 1078 2573 ingens
1111 2488 1338 2576 aversabatur,

305 2599 379 2643 cum
403 2579 507 2642 cirum
531 2578 653 2660 optime
677 2577 829 2642 meritum
854 2577 892 2640 de
915 2579 1000 2661 ipsa,
1031 2577 1253 2642 communium
1279 2603 1338 2664 pa-

252 2684 285 2732 15
304 2671 427 2732 rentem
450 2667 590 2731 liberum
613 2689 670 2749 per
693 2667 828 2730 insidias
850 2666 1073 2732 interemisset.
1110 2666 1201 2731 Vicit
1220 2671 1337 2735 tamen

305 2756 442 2844 gratiam
471 2755 579 2820 meriti
603 2754 733 2820 sceleris
756 2756 923 2839 atrocitas,
954 2755 1200 2839 denuntiarique
1224 2756 1377 2844 iussit,'25

304 2849 341 2910 ut
364 2846 531 2911 excederet
554 2845 676 2927 castris,
699 2867 739 2908 ne
761 2844 912 2909 licentiae
935 2844 1091 2909 barbarae
1109 2846 1276 2929 exemplar
1296 2848 1335 2913 in

252 2953 284 3000 16
306 2933 499 2999 Graecorum
522 2955 629 2998 mores
652 2938 685 2998 et
707 2934 800 2998 mitia
823 2934 954 3019 ingenia
976 2935 1172 2998 transferret.
1216 2934 1334 3001 Dahae
1351 2949 1388 3004 13

304 3022 500 3108 Spitamenis
537 3022 632 3088 caede
669 3028 823 3107 conperta
859 3024 1100 3108 Dataphernen,
1138 3024 1334 3090 defectionis

379 3206 393 3253 1
413 3199 547 3270 vinoque]
566 3199 633 3253 uino
653 3216 765 3267 quoque
785 3205 810 3252 c.
920 3206 936 3252 4
957 3200 1110 3283 caputque]
1130 3200 1281 3268 capudque
1300 3207 1330 3256 P.

304 3279 320 3327 5
347 3272 456 3343 cruore]
483 3288 565 3325 cuore
589 3275 609 3322 B
632 3288 667 3325 m.
684 3288 729 3339 pr.
749 3276 768 3323 L
787 3288 822 3324 m.
843 3288 885 3339 pr.
996 3277 1010 3323 6
1031 3271 1131 3342 tradrt]
1156 3271 1278 3326 tradidit
1297 3278 1330 3326 V.

305 3348 338 3397 10
358 3344 466 3414 cruore]
482 3358 577 3397 cruere
591 3348 612 3394 P
626 3360 660 3395 ra.
671 3360 716 3411 pr.
774 3349 805 3396 11
824 3341 944 3413 venisse]
958 3342 1084 3397 uenisset
1097 3349 1125 3396 P.
1180 3348 1213 3396 13
1228 3345 1330 3416 capnt]

304 3414 397 3484 capud
415 3420 443 3468 P.
500 3413 682 3484 Spitamenis]
702 3414 862 3482 spitaminis
881 3421 909 3469 P.
965 3414 1124 3485 suspectus]
1144 3416 1285 3483 suspectis
1299 3423 1328 3470 P.

305 3494 337 3541 15
357 3485 448 3557 nosci]
467 3485 560 3540 noscit
578 3491 610 3551 P,
629 3487 725 3538 nosci*
745 3491 773 3539 Ι..
858 3492 890 3540 16
911 3486 1023 3557 certior]
1044 3486 1149 3539 cercior
1167 3490 1197 3539 V.
1283 3505 1330 3542 ca-

302 3557 367 3628 put]
392 3558 484 3626 capud
503 3563 534 3610 v.
627 3561 659 3609 19
679 3556 803 3628 diversa]
828 3557 970 3612 diuersam
993 3564 1020 3611 P.
1113 3564 1145 3611 21
1170 3556 1329 3613 iniecturus

306 3630 426 3685 Girroto:
457 3628 620 3682 inuenturus
646 3633 675 3680 Δ.
786 3635 820 3682 22
840 3627 1033 3701 aversabatur]
1065 3627 1270 3684 aduersabatur
1296 3636 1328 3685 V.

304 3705 337 3754 23
356 3702 465 3755 cirum
483 3700 591 3754 addidi.
679 3705 712 3752 ab
731 3700 839 3771 meriti]
857 3701 966 3754 meritis
985 3706 1014 3753 F.
1106 3706 1140 3754 26
1159 3716 1195 3753 ne
1213 3702 1329 3769 scripsi:

253 3775 255 3780 '
302 3789 358 3825 neu
376 3777 407 3825 Δ.
481 3770 625 3842 licentiae]
644 3770 780 3825 licenciae
799 3778 826 3824 L.
906 3779 939 3827 ‘28
960 3772 1132 3840 Spitamenis
1151 3778 1178 3825 1:
1197 3772 1327 3840 spitami·

302 3844 347 3897 nis
366 3848 397 3898 Δ.
474 3842 686 3913 Dataphernen]
706 3843 880 3912 datapernen
898 3849 930 3899 V.
