3150 4459
465 476 717 531 HISTORIARUM
735 476 952 530 ALEXANDRI
968 477 1002 544 V,
1022 484 1046 529 4.
1207 476 1269 539 123

245 645 367 704 terrore
400 640 552 704 retineret
585 640 625 703 ad
657 641 792 724 propius
829 640 1008 724 periculum
1039 661 1269 704 conversurum

246 751 377 814 agmen:
397 729 447 793 sin
467 734 573 793 autem
594 730 663 813 ipse
675 729 802 793 hostem
817 730 1028 794 fefellissetet
1042 731 1162 793 saltum
1178 750 1271 795 oocu—
1291 747 1323 793 16

246 823 366 901 passet,
390 840 462 882 eum
486 819 718 902 trepidantium
741 819 951 884 barbarorum
975 818 1152 882 tumultum
1176 840 1270 881 exau-

247 908 355 990 disset,
378 929 573 991 persequens
591 913 661 971 tum
680 929 789 994 regem
809 908 843 971 id
861 908 968 991 ipsum
988 907 1058 991 iter,
1083 928 1147 990 quo
1165 906 1270 990 pridie

192 995 1271 1171 13lte}altfttltlullttmttl·ttttlttuttt
1292 1103 1323 1150 a

246 1175 374 1259 agmine
404 1197 441 1239 ac
468 1197 508 1238 ne
537 1176 616 1239 tuba
640 1176 769 1258 quidem
801 1176 876 1240 dato
907 1161 1001 1261 signo
1025 1174 1132 1260 pergit
1156 1174 1196 1237 ad
1220 1174 1271 1237 de-

246 1266 463 1328 monstratum
487 1265 548 1328 iter
571 1264 719 1329 callium:
747 1265 848 1329 tridui
879 1264 1031 1329 alimenta
1059 1266 1189 1347 portare
1212 1263 1271 1328 mi·

245 1352 336 1417 litem
345 1354 482 1418 iusserat
493 1354 608 1418 leviter
618 1359 785 1418 armatum.
805 1353 867 1418 Sed
877 1359 1004 1438 praeter
1012 1355 1117 1417 invias
1127 1373 1224 1437 rupes
1234 1373 1271 1416 ac
1293 1368 1324 1416 18

204 1472 232 1510 ιο
246 1446 419 1527 praerupta
438 1466 515 1507 saxa
533 1443 708 1529 vestigium
726 1443 863 1508 subinde
876 1442 1023 1507 fallentia
1036 1442 1094 1506 nix
1109 1443 1272 1506 cumulata

246 1535 342 1596 rento
372 1532 584 1618 ingredientis
613 1532 791 1618 fatigabat:
822 1532 942 1617 qnippe
974 1532 1063 1596 velut
1095 1531 1131 1595 in
1160 1531 1270 1595 foveas

246 1619 345 1684 delati
368 1621 602 1685 hauriebantur
626 1626 672 1706 et,
703 1644 776 1686 curn
801 1644 820 1685 a
844 1620 1121 1688 commilitonibus
1145 1620 1271 1684 adleva-

246 1713 367 1793 rentur,
395 1711 569 1775 trahebant
591 1712 695 1796 magis
718 1710 909 1776 adiuvantes
929 1732 1026 1795 quam
1045 1710 1269 1794 sequebantur.

246 1797 322 1863 Nox
350 1822 479 1883 quoque
511 1804 543 1864 et
570 1800 684 1885 ignota
713 1801 804 1886 regio
833 1822 869 1866 ao
899 1800 965 1864 dux
984 1800 1205 1864 —incertum
1229 1815 1323 1862 an1e

206 1918 232 1956 15
248 1888 327 1951 satis
358 1888 442 1952 fidus
465 1927 509 1935 —
532 1889 795 1974 multiplicabant
822 1894 960 1955 metum:
992 1889 1020 1953 si
1049 1887 1196 1952 custodes
1227 1888 1270 1951 fe-

246 1976 392 2060 fellisset,
417 1980 509 2061 quasi
527 1979 612 2044 feras
626 1978 747 2043 bestias
765 1978 856 2062 ipsos
875 2000 971 2063 posse
991 1978 1193 2062 deprehendi.
1220 1976 1272 2040 Ex

246 2066 342 2130 unius
367 2068 487 2150 captivi
506 2067 557 2131 vel
579 2069 643 2131 fide
667 2070 718 2133 vel
742 2068 849 2132 anima
872 2067 1011 2151 pendere
1030 2071 1063 2131 εὴ
1080 2066 1166 2153 regis
1191 2066 1273 2131 salu-

246 2159 313 2219 tem
337 2159 369 2219 et
388 2178 488 2220 suam.
526 2156 669 2221 Tandem
688 2179 802 2221 venere
822 2158 853 2221 in
874 2158 996 2242 iugum.
1029 2156 1060 2221 A
1079 2155 1192 2219 dextra
1210 2155 1272 2219 iter
1292 2171 1325 2219 20

247 2244 416 2328 adipsum
441 2245 683 2310 Ariobarzanen
705 2251 790 2311 erat:
820 2246 874 2309 hie
897 2245 1060 2311 Philotam
1085 2250 1118 2309 et
1142 2244 1272 2309 Coenon

204 2363 232 2404 20
247 2354 321 2397 cum
344 2333 489 2419 Amynta
508 2341 540 2398 et
558 2335 796 2419 Polyperconte
820 2336 1003 2419 expeditam
1026 2334 1183 2400 habentes
1207 2356 1272 2397 ma-

246 2445 325 2486 num
349 2424 518 2508 relinquit,
547 2426 703 2508 monitos,
728 2429 781 2510 ut,
809 2426 886 2509 quia
910 2428 943 2488 et
965 2446 1063 2507 eques
1086 2423 1189 2508 pediti
1211 2424 1274 2487 iret

247 2513 367 2576 mixtus
396 2518 428 2576 et
452 2536 549 2597 quam
576 2514 828 2600 pinguissimum
856 2517 940 2578 esset
968 2515 1073 2577 solum
1102 2517 1133 2577 et
1158 2512 1270 2597 pabuli

247 2601 364 2686 fertile,
402 2603 522 2666 sensim
560 2603 785 2687 procederent:
822 2603 918 2667 duces
952 2607 1043 2666 erant
1076 2602 1202 2666 itineris
1233 2603 1272 2665 de

248 2691 385 2773 captivis
409 2692 484 2756 dati.
516 2691 592 2775 lpse
616 2715 690 2758 eum
714 2692 884 2779 armigeris
904 2697 937 2756 et
960 2691 1020 2775 ala,
1039 2714 1136 2775 quam
1160 2712 1273 2777 agema
1292 2707 1324 2753 21

205 2808 233 2848 as
248 2780 468 2865 appellabant,
497 2782 596 2845 ardua
624 2783 752 2865 semita,
786 2781 842 2845 sed
871 2782 1001 2867 longius
1031 2804 1050 2845 a
1078 2780 1272 2845 stationibus

247 2869 392 2934 hostium
409 2876 535 2935 remota
554 2870 657 2935 multa
676 2893 748 2936 cum
768 2870 938 2936 vexatione
957 2870 1123 2954 processit.
1147 2869 1273 2934 Medius
1294 2885 1325 2931 22

248 2962 317 3021 erat
346 2959 413 3023 dies
438 2965 469 3023 et
498 2959 643 3046 fatigatis
670 2961 850 3025 necessaria
880 2961 970 3044 quies
994 2998 1038 3008 -
1062 2960 1181 3043 quippe
1205 2963 1273 3023 tan·

247 3047 381 3111 tundem
405 3049 531 3113 itineris
555 3053 735 3133 supererat,
764 3053 922 3133 quantum
947 3048 1068 3113 emensi
1093 3051 1192 3131 erant,
1217 3049 1273 3112 sed

322 3231 335 3275 1
356 3225 484 3295 propius]
503 3225 634 3294 proprius
652 3231 683 3279 V.
744 3224 955 3295 conversurum]
975 3240 1140 3277 conuersum
1159 3228 1188 3290 B,
1208 3241 1273 3278 con-

249 3312 398 3347 uerseium
413 3302 440 3349 P.
496 3304 513 3349 4
535 3313 706 3365 persequens
725 3299 786 3350 tum
801 3299 924 3365 Ieepe'us:
944 3295 1174 3364 persequentium
1188 3300 1218 3348 Δ.

249 3366 297 3489 id]
311 3367 335 3419 it
353 3371 383 3419 V.
455 3368 725 3440 rdemonstraeum]
745 3368 989 3422 demonstrantum
1009 3372 1064 3421 LV.
1131 3374 1162 3420 11
1182 3367 1272 3437 velut]

249 3438 336 3491 ueud
355 3444 382 3491 Ρ.
449 3445 483 3492 14
502 3441 547 3509 ac]
567 3440 604 3493 ad
618 3446 638 3491 P
652 3458 686 3494 m.
697 3458 743 3509 pr.
815 3445 847 3493 15
867 3438 1017 3493 fefellisset
1035 3439 1168 3493 Sebisius:
1192 3437 1273 3491 fefel-

249 3507 350 3563 lissent
368 3515 398 3562 A.
473 3517 505 3564 17
526 3512 620 3564 anima
639 3517 705 3565 Pae.
716 3529 776 3580 pa:
796 3510 889 3564 animo
910 3517 935 3562 c.
1015 3515 1048 3563 18
1067 3509 1133 3580 iter]
1151 3509 1227 3564 hiter
1242 3516 1273 3562 v.

252 3586 284 3633 19
296 3581 515 3653 Ariobarzanen]
524 3583 793 3637 oriebarzanenrm.
800 3600 845 3651 pr.
894 3587 927 3635 ‘20
935 3581 1072 3652 Amynta]
1079 3582 1187 3635 aminta
1194 3588 1218 3634 c.

250 3652 466 3723 Polyperconte]
486 3653 679 3722 poliperconte
694 3661 720 3708 0.
776 3660 809 3707 21
831 3653 898 3722 quia
913 3655 941 3707 et
960 3654 1057 3724 eques]
1078 3653 1190 3721 quietus
1210 3659 1274 3705 esl'

250 3742 285 3777 m.
300 3742 345 3792 pr.
419 3725 474 3778 iret
493 3728 614 3793 Ieepius:
640 3727 701 3778 erat
719 3730 749 3778 Δ.
824 3731 858 3778 22
878 3727 907 3778 et
926 3725 1023 3796 quam]
1043 3742 1128 3792 quam
1147 3731 1216 3778 Fm.
1229 3742 1273 3793 pr.

251 3801 319 3849 Lm.
331 3814 375 3862 pr.
392 3801 455 3849 Pm.
467 3815 513 3865 pr.
523 3801 553 3850 V.
604 3802 637 3851 25
653 3796 850 3868 appellabant]
866 3796 1032 3865 appellabat
1041 3802 1071 3851 V.
1118 3801 1153 3849 28
1168 3797 1274 3849 emensi

252 3868 343 3938 erant]
364 3871 541 3922 emenseran't
559 3875 587 3934 F,
607 3868 759 3922 emiserant
776 3874 846 3923 Pru.
860 3885 905 3937 pr.
