3150 4459
460 452 712 507 HISTORIARUM
732 452 946 507 ALEXANDRI
964 454 1022 520 IIII,
1042 461 1066 509 1.
1231 455 1275 517 43

1102 545 1118 595 b

250 616 366 702 poris’,
393 617 513 702 inquit,
542 617 685 682 ‘habitus
717 617 821 681 famae
853 617 981 703 generis
1012 640 1077 682 non
1106 622 1275 704 repugnat,

212 729 221 734 ··
251 706 310 772 sed
338 705 420 772 libet
447 708 541 790 seire,
570 708 712 790 inopiam
742 728 805 791 qua
828 706 984 790 patientia
1011 707 1145 772 tuleris’.
1192 707 1272 771 Tum

242 795 322 861 ille:
362 794 530 879 ‘Utinam',
566 797 687 880 inquit,
725 795 849 861 ‘eodem
887 796 995 861 animo
1032 817 1168 881 regnum
1205 797 1273 880 pati

252 887 389 969 possim!
431 885 491 950 hae
528 908 642 950 manus
681 885 832 949 suffecere
870 885 1028 950 desiderio
1066 908 1151 950 meo:
1193 886 1275 951 nihil

209 975 387 1048 achabenti
419 974 502 1039 nihil
535 974 658 1039 defuit'.
713 975 850 1060 Magnae
888 974 1005 1040 indolis
1039 976 1202 1060 specimen
1236 998 1276 1040 ex
1295 995 1329 1042 ae

209 1111 222 1146 „-
254 1065 316 1129 hoc
340 1085 487 1128 sermone
511 1062 729 1148 Abdalonymi
752 1063 847 1148 cepit.
893 1062 1006 1148 Itaque
1030 1087 1096 1130 non
1116 1063 1276 1129 Stratonis

209 1157 213 1208 ἓ
254 1153 351 1218 modo
371 1154 493 1239 regiam
513 1153 746 1238 supellectilem
766 1154 901 1218 attribui
925 1155 954 1217 ei
973 1155 1077 1237 iussit,
1101 1154 1156 1218 sed
1175 1154 1273 1238 plera·

209 1267 221 1334 p
255 1265 317 1328 que
349 1245 447 1307 etiam
475 1267 515 1308 ex
537 1242 667 1307 Persica
693 1242 824 1327 praeda:
853 1244 1017 1329 regionem
1046 1265 1174 1327 quoque
1202 1245 1275 1308 urbi

209 1343 217 1382 Ξ
254 1332 439 1416 adpositam
462 1332 582 1398 dicioni
606 1334 675 1397 eius
698 1332 823 1398 adiecit.

209 1395 242 1512 fit
321 1419 451 1487 Interea
477 1421 651 1506 AmyntaS,
682 1445 777 1506 quem
807 1421 847 1485 ad
874 1420 990 1485 Persas
1023 1422 1062 1485 ab
1093 1421 1276 1489 Alexandro
1296 1442 1330 1490 27

209 1517 243 1592 {n
256 1511 471 1596 transfugisse
490 1510 639 1595 diximus,
663 1533 735 1575 curn
756 1513 911 1595 quattuor
929 1510 1061 1575 milibus
1082 1510 1277 1576 Graecorum

209 1589 220 1656 ³
257 1600 540 1754 terrain
559 1601 899 1773 retributae
928 1599 1279 1774 liniantur

209 1821 220 1860 Ι-
256 1784 301 1863 et,
330 1800 405 1843 cum
433 1780 467 1843 in
489 1781 547 1844 illo
572 1784 658 1844 statu
682 1802 790 1843 rerum
814 1779 847 1843 id
872 1801 1047 1863 quemque,
1076 1779 1164 1863 quod
1187 1801 1278 1845 occu-

209 1887 244 1966 po
256 1871 376 1952 panset,
398 1868 585 1933 habiturum
606 1869 818 1933 arbitraretur
836 1868 926 1934 velut
949 1873 1036 1934 certo
1061 1870 1130 1933 iure
1153 1891 1276 1953 posses-

209 1993 216 2044 ;Ρ
256 1980 338 2040 sum,
362 1956 550 2044 Aegyptum
568 1962 677 2042 petere
697 1958 848 2042 decrevit,
871 1960 1001 2041 utrique
1025 1960 1094 2045 regi
1118 1959 1222 2023 hostis
1247 1963 1279 2021 et

256 2069 385 2131 semper
428 2069 467 2111 ex
508 2048 641 2132 ancipiti
682 2047 862 2112 mutatione
903 2051 1087 2131 temporum
1129 2049 1278 2133 pendens.

209 2135 221 2218 Ξ.
256 2136 483 2220 Hortatusque
501 2136 622 2202 milites
645 2136 685 2201 ad
706 2159 795 2220 spem
815 2142 923 2201 tantae
946 2137 993 2201 rei
1013 2136 1108 2202 docet
1127 2136 1279 2223 Sabacen,
1295 2158 1332 2206 28

256 2229 440 2310 praetorem
463 2224 619 2311 Aegypti,
648 2227 801 2291 cecidisse
829 2227 863 2290 in
887 2226 967 2291 acie:
996 2226 1166 2291 Persarum
1190 2250 1279 2312 prae·
1326 2298 1329 2304 ,

209 2319 245 2380 'so
256 2315 378 2380 sidium
415 2320 447 2379 et
484 2316 552 2380 sine
586 2316 664 2380 duce
697 2337 766 2380 esse
804 2321 837 2379 et
869 2314 1060 2398 invalidum,
1097 2315 1278 2402 Aegyptios

218 2413 226 2432 ⁸
257 2425 387 2489 semper
401 2405 603 2489 praetoribus
624 2427 734 2470 eorum
749 2406 884 2469 infestos
904 2427 964 2488 pro
980 2405 1076 2469 sociis
1095 2406 1195 2490 ipsos,
1213 2428 1279 2471 non

209 2524 212 2560 ι
258 2516 318 2578 pro
342 2494 494 2559 hostibus
518 2497 753 2559 aestimaturos
801 2492 918 2559 Omnia
941 2495 1081 2578 experiri
1104 2496 1333 2563 necessitasne

209 2583 214 2666 l
258 2583 411 2669 cogebat:
449 2584 569 2668 quippe
600 2606 674 2649 cum
704 2585 826 2667 primas
857 2605 931 2668 spes
962 2584 1093 2648 fortuna
1123 2586 1281 2669 destituit,

209 2679 210 2702 ³
256 2673 370 2737 futura
387 2673 611 2756 praesentibus
630 2673 780 2738 videntur
804 2695 873 2737 esse
895 2673 1032 2756 potiora.
1078 2672 1184 2760 Igitur
1207 2695 1280 2739 con-

209 2764 409 2845 tractamant,
432 2761 575 2845 duceret,
603 2783 668 2847 quo
691 2762 862 2827 videretur.
909 2760 1018 2846 Atque
1037 2762 1101 2826 'ille
1125 2763 1280 2829 utendum

257 2850 390 2933 animis,
418 2851 493 2916 dum
523 2874 579 2936 spe
603 2852 756 2934 calerent,
784 2855 873 2915 ratus
903 2851 941 2915 ad
966 2852 1131 2917 Pelusium
1161 2852 1280 2917 ostium
1388 2874 1391 2877 ’

256 2943 417 3027 penetrat,
440 2941 596 3006 simulans
620 2965 639 3005 a
662 2941 767 3005 Dareo
792 2963 825 3004 se
849 2962 917 3005 esse
937 2945 1117 3025 praetorem
1137 2944 1280 3007 missum.

333 3133 472 3207 linquit]
491 3134 591 3203 inquid
609 3140 637 3189 P.
729 3135 882 3205 4possim]
901 3152 1016 3204 possum
1035 3140 1064 3188 V.
1153 3135 1282 3189 6Αοἀο-

258 3205 369 3276 lonymi
380 3206 460 3275 cepit
474 3213 505 3259 P:
521 3206 696 3261 abdalonimi
711 3206 806 3276 coepit
825 3214 850 3260 c.
908 3212 922 3259 7
941 3206 1062 3278 regiam]
1077 3224 1193 3277 regnam
1207 3213 1235 3260 F.

258 3276 466 3348 supellectilem
491 3284 516 3331 1:
543 3278 768 3347 suppellectilem
794 3283 824 3331 A.
936 3283 968 3331 12
995 3279 1149 3346 persecutis
1174 3280 1281 3333 Iacer:

257 3350 422 3475 &illl
446 3349 1107 3493 *effmdgtlprtllmtlltlodunffi
1124 3349 1280 3491 llilll'll

257 3494 333 3564 tum]
354 3492 500 3562 aegiptum
519 3498 547 3545 2.
633 3493 747 3561 utrique
766 3494 874 3548 Lauer:
893 3493 992 3561 utique
1010 3498 1040 3547 A.
1129 3499 1162 3547 18
1181 3441 1282 3547 Horti·
1354 3517 1356 3522 ¹

257 3564 375 3635 tuoque]
396 3562 566 3631 Ortatusque
579 3570 608 3618 P.
668 3564 795 3619 Sabacen
814 3565 917 3619 Aldus:
938 3566 1053 3618 satacen
1071 3570 1099 3631 P,
1118 3567 1242 3619 satacem
1256 3572 1282 3618 c.

259 3641 293 3689 19
311 3634 451 3707 Aegypti]
466 3636 574 3706 aegipti
588 3642 617 3690 F.
673 3641 707 3689 20
721 3636 890 3706 Aegyptios]
906 3636 1046 3705 aegiptios
1065 3642 1093 3689 F.
1150 3643 1182 3689 21
1203 3653 1283 3705 prae-

257 3706 381 3777 toribus]
405 3707 581 3775 proeteribus
599 3713 628 3760 P.
720 3713 754 3760 24
778 3707 968 3778 conclamant]
993 3707 1162 3761 conclautlt
1186 3727 1220 3762 ra.
1237 3726 1281 3777 pr.

257 3784 315 3832 Π.
392 3783 426 3832 26
444 3778 587 3833 Pelusium
607 3778 710 3833 ostium
729 3785 754 3831 1:
774 3778 878 3848 pelusii
896 3779 1021 3833 hostium
1039 3784 1070 3832 A.
1149 3785 1181 3831 27
1202 3796 1283 3848 prae-

259 3854 352 3905 torem
371 3848 487 3904 missum
513 3852 606 3923 Vogel:
625 3849 812 3920 praemissum
831 3855 861 3903 A.
