3150 4459
317 470 384 536 296
698 469 730 534 o.
750 467 860 522 coam
878 468 965 522 nun

231 644 251 695 A
317 656 381 719 que
404 636 495 719 fecit,
527 633 595 699 sive
617 633 722 698 hostis
747 632 815 697 sive
839 632 961 697 amicus
984 637 1181 718 occurreret,
1212 634 1267 697 vel
1294 657 1354 698 sua

281 741 296 787 9
316 723 437 787 virtute
460 722 512 788 vel
535 723 624 788 illius
643 722 706 786 fide
725 726 825 786 tutus.
864 720 985 807 Ooiere,
1008 722 1095 806 quod
1114 744 1152 786 ex
1172 723 1352 808 utriusque

315 812 408 877 vultu
431 817 541 896 posset
559 811 715 896 intellegi,
738 811 851 876 amicis
871 812 997 876 animis.
1036 809 1185 876 Oetemm
1207 812 1282 876 sine
1304 814 1351 877 in·

314 906 455 985 terprete
478 924 544 966 nou
567 904 696 984 poterat
719 901 846 964 conseri
865 922 983 965 sermo:
1007 901 1117 984 itaque
1136 900 1290 965 adhibito
1312 924 1371 991 eo·

314 991 471 1055 barbarus
494 991 672 1056 occurrisse
694 1012 727 1053 se
747 989 831 1053 dixit
850 1010 923 1053 cum
943 990 1085 1054 exercitu
1105 994 1191 1054 totas
1212 990 1352 1075 imperii
1376 1016 1387 1057 1

314 1079 400 1145 vires
417 1080 567 1165 protinus
587 1080 783 1145 traditurum
802 1100 862 1144 nec
881 1083 1076 1163 expectasse,
1093 1079 1169 1143 dum
1188 1101 1250 1163 per
1263 1102 1352 1145 nun·

261 1186 295 1235 10
314 1170 380 1234 1111
411 1170 542 1235 daretur
572 1170 660 1233 fides.
707 1166 833 1252 Corpus
864 1190 958 1232 suum
990 1173 1022 1232 et
1048 1190 1184 1253 regnum
1209 1171 1352 1252 permit

313 1263 382 1323 tere
413 1259 476 1342 illi,
507 1280 603 1343 quem
632 1258 729 1321 sciret
757 1256 881 1342 gloriae
911 1256 1106 1321 militantem
1129 1257 1213 1322 nihil
1236 1260 1351 1344 magis

314 1368 411 1430 quam
448 1349 569 1412 famam
607 1347 723 1410 timere
754 1347 917 1430 perfidiae.
977 1345 1096 1411 Laetus
1129 1347 1351 1429 simplicitate
1366 1352 1399 1409 la

314 1436 444 1500 barbari
475 1459 533 1501 rex
563 1441 596 1501 et
621 1436 801 1519 dexteram,
832 1434 908 1499 fidei
932 1457 1008 1499 suae
1031 1436 1164 1521 pignuS,
1178 1515 1180 1520 A
1194 1435 1291 1500 dedit
1317 1443 1352 1502 11
1365 1464 1389 1505 n

261 1543 293 1591 11
312 1547 450 1611 regnum
483 1526 635 1590 restituit.
682 1543 742 1588 Lvr
772 1524 938 1608 elephanti
961 1528 1069 1608 erant,
1099 1546 1181 1608 quos
1205 1526 1353 1592 tradidit

255 1630 266 1673 l
290 1681 295 1689 ,
313 1614 508 1698 Alexandro,
528 1614 694 1698 multaque
712 1636 831 1697 pecora
849 1613 985 1677 eximiae
1003 1614 1251 1700 magnitudinisi,
1274 1619 1352 1680 tau·

312 1726 367 1768 ros
391 1706 431 1769 ad
454 1722 494 1768 111
516 1704 616 1787 milia,
639 1703 819 1788 pretiosum
842 1704 877 1766 in
900 1724 937 1767 ea
957 1702 1089 1788 regione
1108 1708 1353 1789 acceptumque

261 1810 294 1858 11
314 1794 432 1857 animis
462 1794 668 1879 regnantium
699 1796 890 1857 armentum.
942 1792 1116 1869 Quaerenti
1144 1792 1351 1880 Alexandro,

312 1882 423 1967 plures
447 1881 659 1968 agricultores
681 1882 816 1946 haberet
840 1903 881 1945 an
901 1881 1031 1967 milites,
1055 1902 1127 1946 cum
1147 1882 1278 1946 duobus
1300 1907 1352 1949 11
1365 1911 1389 1951 n

313 1971 409 2058 gibus
442 1972 579 2037 bellanti
611 1972 674 2036 sibi
706 1972 844 2051 maiore¹
861 1970 1003 2034 militum
1034 1993 1130 2054 quam
1161 1974 1351 2054 agrestium

260 2078 293 2126 13
313 2083 411 2125 manu
440 2083 521 2145 opus
550 2082 620 2125 esse
647 2060 823 2145 respondit.
870 2059 1022 2124 Abisares
1051 2064 1083 2124 et
1106 2059 1210 2124 Porus
1240 2068 1350 2147 erant,

313 2150 370 2214 sed
388 2150 521 2215 inPoro
541 2150 705 2214 eminebat
722 2149 907 2214 auctoritas.
958 2148 1104 2233 Uterque
1128 2147 1214 2212 ultra
1232 2148 1351 2233 Hyda-

314 2261 394 2323 spen
417 2262 543 2304 amnem
567 2238 723 2325 regnabat
742 2242 776 2302 et
794 2238 871 2304 belli
887 2239 1060 2320 fortunam,
1084 2238 1232 2322 quisquis
1252 2261 1350 2306 arma

260 2345 294 2393 14
313 2329 463 2413 inferret,
501 2328 640 2411 experiri
682 2330 875 2392 decreverat.
949 2326 1086 2411 Omphis
1132 2328 1350 2411 permittente
1364 2358 1390 2397 so

313 2416 498 2482 Alexandro
527 2422 560 2481 et
586 2418 714 2502 regium
741 2416 870 2502 insigne
901 2417 1041 2500 sumpsit
1065 2422 1097 2479 et
1120 2437 1209 2480 more
1233 2420 1349 2503 gentis

313 2528 389 2571 suae
421 2528 553 2591 nomen,
586 2507 673 2590 quod
701 2506 804 2590 patris
827 2507 948 2569 fuerat:
976 2505 1113 2569 Taxilen
1136 2508 1348 2589 appellavere

311 2595 484 2682 populares
507 2600 661 2679 sequente
683 2595 816 2661 nomine
839 2595 1022 2680 imperium,
1046 2596 1081 2659 in
1104 2617 1349 2680 quemcumque

210 2761 212 2763 ,
263 2703 295 2750 15
315 2686 478 2750 transiret.
515 2684 622 2770 Igitur
645 2706 718 2748 eum
740 2706 800 2767 per
818 2684 963 2748 triduum
982 2684 1189 2768 hospitaliter
1201 2682 1348 2751 Alexan-

313 2774 407 2838 dium
445 2776 635 2858 accepisset,
672 2778 788 2858 quarto
823 2773 874 2838 die
907 2778 952 2856 et,
990 2778 1148 2857 quantum
1184 2774 1345 2839 frumenti
1363 2803 1389 2842 aa

313 2865 424 2948 copiis,
448 2886 529 2948 quas
542 2862 768 2946 Hephaestion
786 2862 930 2943 duxerat,
953 2863 1138 2947 praebitum
1157 2885 1176 2925 a
1194 2883 1229 2926 se
1249 2870 1347 2949 esset,

312 2953 455 3018 ostendit
490 2957 523 3017 et
552 2975 665 3017 aureas
701 2974 837 3017 coronas
872 2952 937 3037 ipsi
970 2952 1147 3035 amicisque
1179 2952 1347 3040 omnibus,

385 3225 400 3271 2
421 3216 517 3273 Coiere
533 3219 713 3287 Wupenerca:
734 3216 823 3270 coiret
841 3221 871 3270 Δ.
931 3221 946 3269 3
967 3215 1081 3288 animis]
1106 3233 1156 3270 om.
1175 3220 1246 3269 Boc.
1259 3224 1345 3285 11111,

312 3306 347 3343 m.
357 3306 404 3359 pr.
478 3296 495 3341 4
515 3289 657 3360 adhibito]
677 3286 787 3342 adibito
806 3294 837 3342 v.
919 3287 1065 3357 timperii
1084 3287 1170 3359 vires]
1189 3287 1345 3356 imperium

312 3376 356 3413 res
377 3367 402 3413 c.
491 3366 507 3414 6
527 3363 690 3430 expectasse
709 3361 820 3415 Lucer:
840 3362 982 3428 spectasse
1001 3363 1032 3412 Δ.
1122 3359 1253 3430 nuntios]
1269 3377 1345 3414 nun-

312 3432 371 3485 cios
390 3438 420 3486 v.
509 3439 540 3486 11
561 3432 725 3503 avr]15v11’.
810 3436 842 3485 17
864 3430 1008 3502 Abisares]
1033 3429 1344 3501 abiasaraesBm.1›r.

314 3508 347 3557 18
366 3502 442 3557 ultra
460 3509 508 3556 Π
522 3522 558 3558 m.
569 3521 628 3573 pn:
651 3503 785 3571 ultraque
803 3507 872 3556 Bm.
883 3520 930 3572 pr.
945 3508 1004 3568 H,
1027 3502 1160 3571 ultraque
1174 3507 1197 3553 v
1215 3519 1287 3557 corr.

312 3573 467 3643 Hydaspen
487 3576 592 3630 Aldus:
610 3574 750 3643 hidaspen
768 3578 802 3641 P,
826 3574 975 3643 hidaspem
995 3581 1020 3626 0.
1094 3578 1129 3627 20
1148 3572 1278 3657 inferret]
1298 3575 1344 3629 in-

311 3645 442 3700 terferret
460 3651 530 3701 Bm.
540 3665 586 3716 pr.
644 3645 1126 3716 0111111111]1111111111,11111111.Δ
1163 3650 1195 3697 21
1216 3648 1343 3719 regium]

310 3733 430 3787 regnum
449 3723 518 3772 Bm.
529 3735 575 3787 pr.
590 3723 638 3770 PL
653 3736 687 3773 m.
698 3735 744 3786 pr.
759 3723 789 3770 V.
846 3717 935 3787 more]
955 3717 984 3770 in
1004 3732 1051 3773 ore
1064 3721 1096 3771 V.
1153 3723 1186 3769 22
1206 3715 1343 3790 Taxilen]

311 3788 434 3844 taxsilen
452 3795 480 3843 Ρ.
568 3796 602 3843 25
622 3788 790 3860 accepisset]
810 3788 961 3857 accipisset
979 3794 1007 3841 Ρ.
1091 3794 1125 3842 16
1144 3787 1342 3857 Hephaestion

314 3861 431 3928 eosne:
452 3861 600 3929 ephestion
619 3865 649 3915 Δ.
724 3861 811 3931 11111]
830 3876 890 3913 1111
909 3865 937 3913 1³.
