3150 4459
311 458 374 523 120
685 456 715 522 Q.
736 456 844 511 CUPaTl
863 456 950 510 RUFI

307 623 368 688 bus
401 623 547 707 peditum
581 625 808 706 occupaverat,
840 643 936 705 rupes
964 621 1107 704 undique
1139 626 1329 706 praeruptas

309 713 356 798 [et
370 711 534 797 abscisas],
557 714 590 778 in
615 733 750 795 quarum
775 711 997 777 cacuminibus
1021 714 1113 774 extra
1130 711 1189 774 teli
1208 710 1329 774 iactum

309 802 437 867 barbari
461 801 591 867 stabant
610 801 648 864 de
672 800 832 865 industria
851 800 952 883 quieti
976 804 1008 863 et
1027 800 1219 882 paventibus
1244 799 1329 864 simi-

215 914 218 920 ·
255 907 287 955 18
306 891 362 975 les,
385 891 487 956 donec
504 891 540 955 in
557 891 735 955 artissimas
749 890 859 954 fauces
878 893 1060 973 penetraret
1083 911 1208 974 agmen.
1238 888 1331 964 Quod

306 982 363 1045 ubi
387 984 575 1064 contemptu
603 979 653 1043 sui
683 1000 817 1064 pergere
839 979 966 1061 vident,
993 982 1064 1041 tum
1086 1000 1163 1041 vero
1188 979 1330 1064 ingentis
1359 1002 1370 1042 a

306 1070 538 1156 magnitudinis
562 1091 639 1133 saxa
661 1091 720 1153 per
734 1068 894 1132 montium
917 1090 1021 1152 prona
1040 1067 1224 1149 devolvunt,
1249 1090 1330 1151 quae

306 1160 434 1223 incussa
463 1158 591 1243 saepius
620 1156 860 1222 subiacentibus
888 1159 989 1240 petris
1012 1158 1133 1221 maiore
1157 1159 1189 1220 vi
1212 1158 1329 1221 incide-

254 1267 286 1314 1o
306 1250 386 1314 bant
408 1270 467 1313 nec
487 1248 633 1334 singulos
647 1248 753 1330 modo,
778 1247 834 1311 sed
849 1246 978 1331 agmina
992 1246 1208 1329 proterebant.
1246 1246 1330 1310 Fun-

307 1339 356 1403 dis
381 1360 509 1423 quoque
529 1337 653 1402 excussi
676 1336 801 1420 lapides
825 1341 857 1400 et
880 1337 1017 1422 sagittae
1040 1336 1182 1418 undique
1206 1335 1331 1423 ingere-

306 1427 433 1491 bantur.
487 1426 558 1491 Nec
585 1427 619 1490 id
646 1426 862 1491 miserrimum
893 1425 1032 1489 fortibus
1062 1426 1139 1490 viris
1168 1429 1245 1507 erat,
1274 1424 1331 1489 sed
1345 1451 1372 1490 ιο

190 1578 192 1582 .
306 1517 393 1601 quod
417 1517 528 1598 inulti,
552 1516 640 1600 quod
667 1516 809 1579 ferarum
833 1516 899 1579 ritu
921 1514 1022 1578 veluti
1046 1514 1081 1577 in
1102 1516 1196 1581 fovea
1221 1516 1330 1599 depre-

252 1623 287 1672 20
306 1607 400 1671 hensi
433 1605 650 1670 caederentur.
701 1589 754 1667 fra
786 1602 888 1689 igitur
915 1604 950 1668 in
977 1604 1098 1668 rabiem
1127 1626 1220 1668 versa
1253 1605 1330 1668 emi-

305 1697 418 1760 nentia
441 1717 517 1759 saxa
541 1693 705 1779 conplexi,
729 1697 768 1757 ut
791 1694 832 1757 ad
854 1693 982 1757 hostem
1005 1694 1223 1777 pervenirent,
1246 1694 1330 1757 alius

305 1784 404 1849 alium
433 1785 576 1848 levantes
605 1783 806 1847 conabantur
835 1783 1018 1847 ascendere:
1056 1805 1093 1846 ea
1117 1782 1190 1867 ipsa
1212 1784 1331 1847 multo-

304 1897 378 1939 rum
402 1874 500 1937 simul
522 1873 673 1936 manibus
694 1872 846 1937 convolsa
869 1872 903 1935 in
928 1893 992 1955 eos,
1016 1874 1072 1955 qui
1091 1876 1330 1956 conmoverant‚
1346 1904 1371 1944 n

251 1980 283 2027 21
304 1963 498 2029 recidebant.
531 1960 600 2026 Nec
624 1968 708 2026 stare
732 1982 809 2047 ergo
824 1964 974 2047 poterant
997 1984 1057 2027 nec
1078 1962 1150 2044 niti,
1171 1984 1210 2026 ne
1230 1966 1330 2027 testu-

306 2054 380 2117 dine
405 2053 535 2136 quidem
558 2051 697 2137 protegi,
720 2071 793 2115 cum
810 2054 918 2115 tantae
932 2051 1028 2115 molis
1053 2073 1149 2115 onera
1172 2053 1330 2135 propelle-

304 2146 378 2207 rent
405 2141 543 2205 barbari.
589 2140 712 2226 Regem
736 2161 801 2204 non
826 2141 919 2204 dolor
943 2140 1047 2223 mode,
1071 2141 1127 2205 sed
1151 2142 1248 2205 etiam
1271 2164 1330 2224 pu·

306 2231 364 2296 dor
387 2234 506 2295 temere
529 2231 563 2294 in
583 2229 656 2293 illas
671 2230 838 2315 angustias
853 2229 993 2295 coniecti
1007 2231 1167 2296 exercitus
1181 2230 1329 2316 angebat.

251 2338 284 2387 ‘aa
304 2318 449 2385 Invictus
472 2323 546 2383 ante
570 2341 640 2383 eam
664 2320 748 2383 diem
771 2319 877 2383 fuerat
899 2319 982 2382 nihil
1005 2319 1125 2383 frustra
1149 2342 1259 2404 ausus,
1282 2321 1330 2383 in·
1344 2350 1371 2390 ac

304 2432 391 2493 pune
420 2408 552 2473 Ciliciae
579 2409 688 2472 fauces
716 2408 905 2491 intraverat,
935 2430 1023 2472 mare
1052 2430 1180 2492 quoque
1208 2431 1330 2473 novum

305 2499 338 2562 in
362 2498 588 2582 Pamphyliam
617 2497 679 2562 iter
702 2502 884 2581 aperuerat:
913 2502 992 2562 tunc
1016 2498 1197 2563 haesitabat
1220 2498 1330 2581 depre-

250 2588 284 2637 23
303 2589 405 2653 hensa
426 2587 575 2670 felicitas,
598 2608 658 2651 nec
681 2587 768 2651 aliud
792 2587 969 2651 remedium
990 2592 1059 2651 erat
1083 2610 1179 2671 quam
1202 2589 1330 2672 reverti,

305 2699 369 2761 qua
391 2680 531 2741 venerat.
569 2675 683 2760 Itaque
707 2676 801 2761 signo
820 2677 965 2760 receptui
985 2677 1060 2740 dato
1085 2677 1227 2741 densatis
1247 2677 1330 2741 ordi-

302 2767 400 2831 nibus
431 2766 597 2849 scutisque
625 2788 722 2849 super
754 2766 861 2850 capita
889 2767 1047 2831 consertis
1077 2770 1164 2829 retro
1196 2768 1330 2831 evadere
1345 2794 1370 2834 as

303 2878 343 2920 ex
375 2856 533 2943 angustiis
561 2856 660 2919 iubet.
711 2878 777 2918 xxx
805 2856 895 2920 fuere
926 2855 1043 2938 stadia,
1076 2878 1157 2939 quae
1190 2857 1329 2919 remensi

302 2950 387 3010 sunt.

249 3025 287 3077 IV
370 3033 453 3097 Tum
481 3033 595 3099 castris
618 3032 760 3117 undique
788 3036 900 3118 aperto
929 3033 1002 3099 loco
1025 3034 1142 3117 positis
1164 3056 1231 3098 non
1255 3042 1382 3099 con-13

376 3216 390 3262 1
410 3228 494 3280 rupes
512 3209 638 3279 undique
657 3211 825 3278 praeruptas
845 3210 886 3280 [et
905 3208 1042 3280 abscisas]
1061 3210 1172 3277 screbat:
1196 3227 1280 3279 rupes
1300 3213 1331 3264 et

303 3280 428 3349 undique
451 3283 619 3351 praeruptas
643 3281 766 3335 abscisas
785 3287 819 3347 Ρ,
844 3297 928 3349 rupes
952 3281 1077 3334 abscisas
1101 3281 1225 3348 undique
1249 3298 1330 3350 prae-

302 3355 401 3422 ruptas
416 3358 470 3419 BL,
491 3353 616 3406 abscisas
634 3370 718 3421 rupes
731 3352 859 3422 undique
872 3355 1041 3421 praeruptas
1055 3358 1084 3419 Ε,
1103 3369 1187 3421 rupes
1203 3353 1329 3408 abscisas

302 3427 331 3477 et
349 3424 475 3492 undique
493 3427 661 3494 praeruptas
675 3430 706 3478 V.
772 3428 787 3476 6
807 3424 869 3496 per]
888 3441 939 3493 pro
953 3429 983 3477 V.
1057 3430 1071 3476 7
1091 3423 1204 3477 incussa
1220 3426 1328 3480 Lauer:

303 3495 477 3550 incussae?
498 3514 532 3551 m.
551 3514 615 3562 sec,
635 3514 667 3550 sn
686 3502 706 3548 P
724 3514 758 3549 m.
774 3513 820 3564 pr.
912 3495 1077 3549 incidebant
1091 3495 1260 3551 Frobeaias:
1285 3497 1328 3549 in-

304 3567 444 3620 cedebant
462 3572 492 3619 A.
586 3573 619 3620 13
644 3567 786 3638 conplexi]
812 3566 936 3635 conpleti
959 3572 989 3620 v.
1087 3572 1120 3619 15
1145 3568 1275 3622 convolsa
1294 3575 1327 3621 P:

302 3638 438 3692 conuulsa
458 3645 483 3692 0,
577 3644 608 3691 Π
628 3638 724 3710 molis]
743 3637 831 3691 moles
850 3644 919 3691 Pm.
930 3656 976 3707 pr.
1057 3639 1153 3709 onera]
1172 3639 1280 3693 honera
1297 3645 1326 3694 P.

303 3714 335 3761 19
357 3710 476 3764 coniecti
495 3710 665 3765 Frobem'uc:
690 3710 773 3763 eiecti
786 3715 817 3762 A.
910 3716 944 3763 22
963 3709 1172 3793 Pamphyliam]
1196 3711 1327 3779 pamphi-

301 3780 370 3833 liam
390 3788 415 3835 0.
479 3785 629 3850 aperuerat
647 3788 673 3836 1:
694 3783 880 3851 apemenerat
894 3785 924 3833 Δ.
999 3786 1032 3834 26
1052 3782 1185 3853 remens1]
1204 3783 1327 3836 remansi

288 3856 316 3901 P
326 3870 360 3905 m.
368 3871 419 3921 pr.
497 3858 533 3909 28
552 3852 726 3926 consultare]
746 3852 855 3907 culsare
873 3858 896 3904 V
911 3870 945 3906 ra.
957 3871 1002 3922 pr.
