3150 4459
321 448 387 512 314
702 448 734 514 Q.
754 449 863 503 OUltTl
882 450 968 504 aum

320 612 398 677 facti
430 635 489 696 per
521 612 648 677 obiecta
680 613 828 697 flumina,
860 636 918 697 per
945 618 995 678 tot
1022 619 1157 678 naturae
1184 614 1361 679 obstantes

321 701 529 766 difficultates
567 703 707 767 secuturi
747 707 866 767 essent:
911 702 1110 767 abundantes
1148 708 1361 787 onustosque

319 792 438 875 praeda
456 792 560 876 magis
579 795 672 874 parta
690 792 754 855 frui
773 796 856 857 velle
876 814 973 875 quam
992 793 1192 875 adquirenda
1210 793 1360 879 fatigari.

268 897 297 946 11
319 878 395 945 Non
415 880 500 944 idem
521 880 635 944 sibiet
657 881 817 946 militibus
839 882 952 945 animi:
972 903 1041 946 sese
1059 880 1161 945 totius
1183 882 1280 947 orbis
1303 884 1360 946 im-

319 971 444 1053 perium
479 973 587 1034 mente
618 971 812 1053 conplexum
846 970 951 1035 adhuc
982 972 1016 1034 in
1049 992 1185 1055 operum
1217 993 1393 1041 suorume

318 1059 498 1142 primordio
518 1063 612 1141 stare,
636 1059 774 1124 militem
799 1059 910 1123 labore
930 1060 1141 1145 defetigatum
1161 1062 1359 1143 proximum

266 1166 299 1213 12
319 1169 480 1231 quemque
503 1149 646 1214 fructum
669 1149 762 1212 finito
782 1149 912 1212 tandem
931 1149 1074 1233 periculo
1094 1153 1259 1231 expetere.
1303 1150 1359 1214 Vi-

319 1237 363 1301 cit
386 1260 463 1324 ergo
488 1238 605 1322 cupido
629 1239 797 1313 rationem,
822 1241 854 1301 et
878 1238 918 1301 ad
942 1239 1127 1302 contionem
1145 1240 1277 1303 vocatis
1299 1241 1358 1303 mi-

318 1326 430 1390 litibus
450 1328 490 1390 ad
509 1327 594 1392 hunc
613 1328 752 1391 maxime
771 1328 905 1391 modum
925 1328 1088 1392 disseruit:
1114 1327 1203 1392 ‘Non
1223 1328 1386 1412 ignoro,8

319 1415 452 1498 milites,
485 1417 601 1501 multa,
635 1439 715 1500 quae
746 1420 867 1481 terrere
895 1438 952 1480 vos
980 1420 1126 1500 possent,
1159 1416 1200 1480 ab
1234 1418 1358 1482 incolis
1372 1447 1392 1486 a

267 1524 298 1570 13
317 1503 428 1568 Indiae
452 1526 510 1588 per
533 1506 592 1568 hos
618 1506 684 1569 dies
709 1506 747 1569 de
770 1506 930 1569 industria
954 1528 1023 1571 esse
1047 1506 1177 1569 iactata:
1203 1507 1264 1569 sed
1290 1530 1359 1572 non

320 1597 368 1657 est
396 1596 561 1678 inprovisa
591 1594 682 1659 vobis
707 1595 932 1660 mentientium
955 1594 1089 1659 vanitas.
1137 1592 1191 1657 Sic
1215 1594 1357 1662 Ciliciae

318 1683 437 1765 fauces,
462 1684 507 1747 sic
522 1683 777 1768 Mesopotamiae
797 1706 937 1767 campos,
956 1684 1081 1769 Tigrim
1100 1687 1132 1747 et
1146 1683 1357 1767 Euphraten,

319 1794 457 1855 quorum
481 1773 619 1837 alterum
639 1774 720 1838 vado
744 1774 940 1856 transiimus,
964 1775 1099 1837 alterurn
1123 1777 1235 1856 ponte,
1261 1777 1357 1839 terri-

266 1860 400 1928 labiles
423 1861 568 1927 fecerant
591 1862 714 1927 Persae.
752 1862 811 1927 Nil
833 1885 987 1946 umquam
1013 1863 1053 1926 ad
1075 1861 1239 1945 liquidum
1265 1864 1357 1928 fama
1371 1892 1390 1933 a

319 1951 519 2034 perducitur:
565 1952 672 2015 omnia
710 1952 766 2016 illa
803 1953 950 2016 tradente
987 1953 1111 2016 maiora
1148 1956 1225 2016 sunt
1266 1976 1356 2019 vero

318 2039 440 2105 Nostra
464 2062 593 2124 quoque
617 2042 734 2127 gloria,
764 2062 838 2105 oum
862 2041 968 2105 aiter
992 2042 1109 2124 solido,
1140 2040 1214 2123 plus
1241 2046 1357 2107 tamen

266 2147 299 2195 15
319 2128 416 2193 habet
443 2130 585 2194 nominis
614 2153 710 2214 quam
740 2130 855 2213 operis.
902 2130 1001 2194 Modo
1029 2132 1101 2213 quis
1129 2129 1246 2194 beluas
1278 2133 1356 2196 offe·

318 2222 425 2282 rentes
448 2220 612 2283 moenium
637 2221 786 2303 speeiem,
811 2221 882 2302 quis
902 2218 1089 2303 Hydaspem
1114 2241 1254 2303 amnem,
1281 2223 1357 2304 quis

318 2312 423 2371 cetera
446 2309 560 2373 auditu
583 2310 706 2373 maiora
729 2331 826 2392 quam
850 2332 926 2372 vero
950 2310 1102 2373 sustineri
1125 2330 1221 2391 posse
1243 2312 1357 2376 crede
1371 2340 1392 2378 11

319 2397 396 2460 bat?
420 2395 516 2480 Olim,
535 2398 691 2479 hercules,
709 2398 905 2483 fugissemus
925 2421 964 2461 ex
984 2397 1072 2480 Asia,
1092 2398 1120 2461 si
1139 2419 1198 2460 nos
1217 2399 1356 2464 fabulae

266 2503 299 2552 le
319 2485 479 2552 debellare
507 2488 698 2570 potuissent.
746 2486 926 2552 Creditisne
957 2487 1203 2570 elephantorum
1233 2509 1356 2575 greges

318 2577 456 2639 maiores
481 2598 558 2659 esse,
583 2598 679 2659 quam
703 2598 840 2661 usquam
865 2582 1083 2641 armentorum
1108 2578 1193 2658 sunt,
1217 2597 1297 2641 cum
1324 2588 1357 2642 et

255 2686 258 2692 ’
317 2687 426 2729 rarum
455 2666 498 2729 sit
528 2665 648 2730 animal
670 2688 729 2729 nec
752 2665 846 2729 facile
870 2666 1017 2749 capiatur
1040 2665 1208 2755 multoque
1235 2665 1356 2732 diffici-

264 2771 297 2819 17
317 2754 381 2818 lius
404 2754 594 2841 mitigetur?
640 2753 745 2838 Atqui
774 2756 886 2819 eadem
915 2758 1039 2819 vanitas
1068 2755 1177 2837 copias
1200 2756 1356 2837 peditum
1371 2784 1393 2825 11

390 2918 405 2964 2
425 2912 615 2984 abundantes]
635 2912 832 2966 habundantes
851 2918 882 2965 V.
957 2915 1129 2979 onustosque
1148 2918 1173 2963 1:
1196 2910 1355 2968 honustos-

318 3000 373 3050 qne
392 2989 422 3036 A.
511 2990 527 3036 3
546 2983 724 3051 adquirenda
743 2985 912 3039 Frobcatus:
934 2983 1115 3051 adquerenda
1134 2988 1164 3036 A.
1251 2991 1269 3037 4
1290 3003 1355 3041 sese

318 3057 430 3122 scripsi:
450 3071 512 3108 esse
530 3060 560 3107 Α.
652 3055 753 3127 totius]
773 3055 865 3109 tocius
885 3062 913 3110 r.
1006 3054 1150 3125 elabere]
1171 3052 1304 3110 laborem
1325 3064 1354 3112 P.

319 3127 477 3197 reandem]
491 3128 601 3181 tantem
611 3133 635 3179 c.
693 3127 836 3197 expetere]
852 3131 983 3196 expereB
998 3145 1033 3181 m.
1040 3144 1084 3195 pr.
1141 3126 1354 3202 Scontionem]

318 3199 481 3251 concionem
495 3204 523 3251 L.
580 3198 762 3269 edisseruit]
777 3198 904 3253 deseruit
917 3205 947 3252 V.
1010 3204 1043 3251 10
1057 3197 1185 3268 possent]
1200 3202 1307 3266 posent
1323 3207 1354 3255 L.

319 3274 352 3322 13
372 3269 606 3340 Mesopotamiae]
626 3270 842 3337 mesopitamiae
857 3276 886 3322 V.
944 3269 1065 3340 Tigrim]
1085 3268 1191 3338 tygrim
1206 3275 1232 3322 c.
1294 3271 1355 3325 Eu-

317 3341 450 3411 phraten]
467 3341 595 3394 eufraten
611 3348 638 3395 P.
695 3348 729 3395 14
748 3341 913 3395 transiimus
932 3348 964 3394 1’:
985 3340 1167 3395 transivimus
1187 3345 1212 3391 0.
1267 3343 1355 3396 terri-

318 3411 390 3465 biles
414 3413 571 3467 Beatleius:
591 3411 749 3466 terribilem
768 3418 798 3465 Δ.
884 3418 918 3467 15
937 3413 996 3465 Nil
1014 3428 1151 3481 umquam
1170 3412 1353 3469 Dasaretae:

318 3501 472 3552 numquam
492 3489 522 3538 Δ.
580 3491 611 3538 17
632 3484 736 3555 gloria]
756 3484 865 3553 gloriae
885 3491 911 3537 0.
968 3489 1001 3537 19
1022 3483 1157 3553 speciem]
1177 3482 1302 3550 spetiem
1324 3493 1353 3540 1..

317 3554 483 3623 Hydaspem
497 3558 672 3611 Letellcrius:
687 3556 839 3624 hidaspem
853 3561 875 3608 Δ
895 3555 1047 3679 ]bidaspen
1061 3556 1105 3626 V]
1162 3559 1196 3606 20
1212 3555 1355 3612 sustineri

317 3627 474 3681 Bentleius:
495 3627 633 3683 sustinere
652 3633 683 3682 A.
758 3633 791 3679 21
812 3626 898 3681 hercu
912 3644 941 3681 es
961 3633 994 3680 1²:
1014 3624 1128 3680 hercule
1143 3632 1169 3677 c.
1225 3624 1354 3696 fugisse-

316 3697 391 3769 mus]
410 3697 561 3753 fuissemus
581 3704 611 3752 V.
722 3699 895 3769 nos]non1’
918 3716 1014 3765 m.pr.
1126 3702 1160 3749 22
1180 3697 1353 3773 creditisne]

316 3769 432 3894 preditis
451 3786 503 3824 nec
517 3776 545 3824 Ρ.
620 3775 653 3823 23
675 3770 878 3840 armentorum]
899 3771 1071 3823 armatorum
1090 3773 1118 3822 B.
1193 3774 1228 3821 ⁴24
1248 3768 1354 3845 facile]

329 3856 411 3895 acere
429 3847 460 3896 V.
