3150 4459
439 477 691 532 HISTORIARUM
710 476 925 530 ALEXANDRI
944 476 1016 544 vnl,
1036 483 1077 531 12.
1099 483 1140 531 13.
1232 477 1296 541 297

276 645 405 723 praeter
427 641 506 705 haec
530 640 649 725 signati
674 640 800 725 argenti
824 657 921 704 xxxx
944 640 1066 705 talenta
1092 641 1177 705 dono
1202 640 1298 705 dedit.

277 729 347 806 Qua
372 730 574 815 benignitate
602 729 671 793 eius
694 730 877 793 Alexander
906 729 987 794 mira
1010 729 1125 793 laetus
1139 734 1184 812 et,
1217 747 1352 814 quaele
1384 821 1386 825 7

276 820 304 881 is
327 819 466 902 dederat,
489 819 615 884 remisit
639 822 671 882 et
693 836 721 882 n
740 818 863 882 talenta
881 839 921 882 ex
938 819 1066 902 praeda,
1089 842 1185 903 quam
1206 818 1299 884 vehe·
1385 833 1388 841 '

276 908 345 991 bat,
377 909 507 973 adiecit.
526 908 694 991 multaque
722 908 902 972 convivalia
930 929 969 972 ex
997 930 1074 972 auro
1104 912 1136 973 et
1164 912 1297 994 argento

249 1019 364 1080 arasa,
393 998 570 1082 plurimum
598 996 747 1061 Persicae
773 998 887 1081 vestis,
920 1015 994 1061 xxx
1027 1020 1126 1081 equos
1158 1021 1198 1061 ex
1232 998 1299 1062 suis

276 1109 349 1149 cum
375 1087 477 1151 isdem
506 1085 702 1171 insignibus,
730 1087 804 1170 quis
834 1087 1060 1169 adsueverant,
1089 1110 1162 1153 cum
1192 1087 1299 1170 ipsum

275 1175 436 1240 veherent.
502 1176 590 1252 Quae
627 1174 806 1239 liberalitas
839 1177 923 1240 sicut
954 1175 1128 1241 barbarum
1161 1176 1299 1240 obstrin—
1319 1195 1351 1242 17

275 1269 380 1349 xerat,
413 1265 459 1329 ita
487 1266 608 1329 amicos
631 1264 734 1349 ipsius
756 1264 966 1328 vehementer
988 1265 1130 1330 offendit.
1177 1265 1205 1329 Ε
1230 1266 1299 1349 qui-

276 1354 336 1417 bus
368 1354 531 1441 Meleager
563 1376 661 1439 super
694 1374 806 1418 cenam
837 1354 978 1439 largiore
1010 1356 1087 1418 vino
1118 1376 1196 1418 usus
1228 1377 1299 1440 gra-

234 1443 371 1509 rotulari
402 1465 436 1507 se
459 1443 645 1508 Alexandro
674 1442 770 1524 dixit,
802 1444 889 1526 quod
919 1442 1034 1507 saltem
1057 1445 1092 1506 in
1114 1442 1207 1507 India
1229 1465 1299 1527 rep-

275 1532 413 1615 perisset
437 1533 571 1619 dignum
594 1531 727 1596 talentis
750 1550 786 1595 M.
832 1531 904 1596 Rex
927 1532 1015 1596 haud
1037 1532 1173 1615 oblitus,
1201 1555 1298 1616 quarn
1319 1551 1351 1599 18

274 1643 369 1707 aegre
393 1622 531 1716 tulisset,
555 1622 642 1706 quod
658 1620 779 1685 Clitum
804 1622 845 1686 ob
864 1621 996 1706 linguae
1014 1623 1227 1687 temeritatem
1249 1644 1299 1686 oc-

275 1711 414 1793 cidisset,
438 1713 519 1774 iram
540 1712 669 1794 quidem
689 1712 805 1794 tenuit,
829 1710 885 1774 sed
905 1710 987 1775 dixit
1005 1712 1132 1776 invidos
1150 1711 1298 1776 homines

274 1801 358 1864 nihil
381 1801 469 1864 aliud
492 1823 589 1883 quam
613 1802 759 1884 ipsorum
783 1821 853 1863 esse
876 1803 1044 1864 tormenta.

220 1893 260 1948 44
342 1888 477 1954 Postero
498 1890 549 1953 die
566 1890 667 1974 legati
681 1888 839 1953 Abisarae
858 1889 965 1953 adiere
982 1911 1104 1974 regem:
1125 1890 1234 1953 omnia
1252 1891 1298 1954 di·
1311 1898 1376 1953 XIII

234 1978 361 2042 maioni
385 1980 469 2062 eius,
492 1980 539 2042 ita
562 1983 599 2043 ut
623 1978 810 2042 mandatum
833 1981 915 2061 erat,
939 1978 1172 2062 permittebant
1194 1981 1299 2042 firma-

274 2071 372 2150 taque
409 2068 545 2132 invicem
579 2068 643 2132 fide
678 2068 891 2133 remittuntur
927 2067 967 2131 ad
1004 2090 1122 2152 regem.
1177 2068 1334 2135 Poruma

276 2178 405 2239 quoque
433 2158 575 2221 nominis
589 2190 593 2195 ·
606 2157 656 2220 sui
686 2157 773 2220 fama
803 2160 893 2221 ratus
922 2158 961 2220 ad
986 2157 1181 2221 deditionem
1204 2179 1300 2241 posse

275 2247 414 2327 conpelli
437 2247 528 2309 misit
552 2245 592 2309 ad
614 2268 688 2309 cum
712 2244 922 2331 Cleocharen,
953 2248 1009 2330 qui
1032 2247 1237 2312 denuntiaret
1261 2247 1299 2332 ei,

234 2360 260 2399 ao
274 2339 311 2398 ut
345 2335 540 2418 stipendium
573 2335 727 2418 penderet
756 2339 789 2422 et
819 2335 853 2398 in
882 2336 988 2419 primo
1020 2358 1151 2400 suorum
1184 2336 1299 2399 finium

275 2423 365 2488 aditu
389 2428 570 2489 occurreret
593 2425 671 2509 regi.
713 2424 817 2488 Porus
831 2423 979 2488 alterum
1003 2447 1043 2488 ex
1066 2424 1118 2490 his
1136 2426 1298 2489 facturum

274 2534 343 2577 sesa
365 2513 543 2598 respondit,
566 2518 604 2578 ut
626 2514 762 2578 intranti
785 2535 922 2599 ragnum
945 2536 1040 2578 suum
1058 2518 1186 2598 praesto
1206 2519 1299 2598 esset,

274 2602 330 2666 sed
358 2608 509 2667 armatus.
555 2602 625 2666 Iam
652 2601 830 2688 Hydaspen
853 2603 1037 2667 Alexander
1067 2625 1218 2687 superare
1248 2604 1333 2669 dea

275 2697 425 2777 creverat,
450 2716 524 2758 cum
544 2692 746 2776 Barzaentes,
766 2692 956 2757 defectionis
971 2691 1159 2757 Arachosiis
1178 2696 1299 2776 auctor,

234 2809 258 2846 a
274 2783 401 2846 vinctus
427 2783 628 2867 trigintaque
652 2782 816 2865 elephanti
839 2782 937 2846 simul
961 2783 1048 2865 capti
1070 2782 1298 2884 perducuntur,

273 2876 498 3043 tfit‘illtll
522 2869 1333 3044 tltttltltttfflllhttptlltti
1378 3031 1382 3043 ,

274 3070 425 3111 maraxus
449 3071 586 3134 quoque,
609 3072 667 3113 rex
691 3050 826 3133 exiguae
845 3049 948 3133 partis
962 3046 1127 3132 Indorum,
1151 3050 1207 3132 qui
1221 3048 1298 3112 Bar-

274 3136 377 3199 zaenti
414 3159 448 3201 se
479 3141 702 3221 coniunxerat,
737 3139 865 3202 vinctus
901 3137 1057 3202 adductus
1088 3142 1145 3202 ast.
1191 3135 1332 3224 Igituro

346 3365 454 3437 xQua]
474 3367 542 3435 quia
555 3373 586 3420 v.
643 3367 848 3438 iliberalitas]
866 3366 985 3420 libertas
999 3372 1022 3418 V
1036 3384 1070 3420 m.
1081 3384 1127 3436 pr.
1184 3368 1298 3439 tusus]

273 3455 326 3491 usu
345 3443 375 3490 v.
451 3445 483 3491 12
504 3437 608 3492 Clitum
627 3444 696 3492 Lm.
711 3455 774 3494 sea:
794 3438 903 3507 clytum
917 3442 1003 3505 ΕΠ,
1023 3437 1130 3492 clatum
1145 3443 1191 3490 ra
1206 3456 1241 3493 m.
1252 3457 1297 3508 pr.

275 3514 308 3562 15
319 3507 438 3579 dicioni]
454 3508 587 3563 ditioniB
601 3528 635 3563 m.
643 3527 686 3578 pr.
702 3514 731 3562 F.
787 3515 821 3562 23
836 3509 991 3579 Hydaspen
1002 3510 1106 3563 Alcas:
1116 3508 1257 3578 hidaspen
1266 3514 1297 3563 A.

274 3586 308 3633 24
327 3580 497 3634 Barzaentes
518 3582 690 3635 Letellerr'us:
710 3581 871 3634 baraaentis
885 3587 906 3633 Ε
920 3597 989 3635 corr.
1005 3586 1063 3647 LP,
1082 3580 1225 3652 barzpntis
1239 3585 1297 3647 BV,

273 3652 415 3706 hamentis
429 3658 450 3703 F
466 3671 499 3705 nr.
511 3669 556 3720 pr.
612 3651 788 3722 Arachosiis]
808 3651 933 3705 archosis
952 3656 986 3717 B,
1005 3652 1128 3706 aracosia
1148 3658 1181 3719 F,
1201 3668 1297 3706 aroc*-

273 3724 367 3777 hosirs
386 3730 413 3776 Ι..
489 3729 522 3777 26
542 3724 744 3794 opportunum]
768 3726 939 3793 oportunum
962 3730 988 3777 (t.
1062 3728 1096 3777 27
1120 3724 1297 3778 Damaraxus

273 3812 395 3864 qaoque
413 3798 525 3864 scripsi:
545 3812 732 3863 samaxusque
746 3800 776 3848 Δ.
870 3799 903 3847 28
923 3794 1086 3867 Barzaenti]
1104 3794 1232 3848 baraenti
1251 3798 1298 3846 BF

273 3884 307 3919 m.
317 3885 363 3936 pr.
438 3872 471 3919 29
491 3866 686 3938 coniunxerat]
705 3867 906 3921 coniuncxerat
919 3871 952 3921 V.
