3150 4459
301 467 365 531 140
676 467 707 533 Q.
728 466 837 521 cuam
855 466 942 521 RUFI

246 647 280 694 13
299 630 374 694 dato
409 652 536 695 currum
568 631 706 715 pristino
739 652 829 695 more
863 630 1056 694 conscendit.
1115 627 1322 693 Nabarzanes

300 720 460 802 ceterique
487 720 665 805 parricidae
693 720 943 804 procumbentes
966 719 1071 801 humi,
1104 740 1200 802 quem
1224 720 1321 801 paulo

299 811 374 892 post
406 811 441 872 in
471 809 609 873 vinculis
641 809 785 874 habituri
818 812 922 891 erant,
955 809 1136 873 sustinuere
1168 807 1322 890 venerari,

267 934 270 940 =
299 897 448 963 lacrimas
475 898 573 962 etiam
600 899 819 983 paenitentiae
846 898 968 963 indices
991 897 1218 982 profuderrmt:
1243 898 1321 961 adeo

247 1005 281 1053 11
298 985 449 1051 humanis
476 987 616 1073 ingeniis
643 992 756 1072 parata
778 988 942 1052 simulatio
967 992 1023 1051 est.
1069 986 1184 1049 Preces
1207 986 1322 1050 deinde
1352 1007 1365 1047 s

301 1076 492 1160 suppliciter
510 1076 656 1141 admotae
669 1075 812 1141 Dareum
830 1080 947 1141 natura
966 1075 1147 1159 simplicem
1164 1079 1196 1141 et
1210 1076 1321 1139 mitem

299 1186 366 1229 non
389 1166 515 1230 credere
538 1166 649 1249 modo,
680 1188 762 1250 quae
785 1166 1012 1248 adfirmabant,
1045 1165 1101 1229 sed
1123 1164 1200 1228 flere
1224 1164 1321 1228 etiam

247 1272 278 1320 lo
299 1258 482 1339 cotgerunt.
526 1254 576 1320 Ac
599 1277 639 1320 ne
662 1259 732 1319 tum
758 1254 888 1339 quidem
912 1254 1046 1341 cogitati
1066 1254 1196 1319 sceleris
1214 1254 1323 1337 paeni·

299 1342 372 1425 tuit,
395 1364 468 1407 oum
491 1344 703 1428 intuerentur,
727 1347 856 1427 qualem
879 1348 912 1408 et
929 1365 1038 1429 regem
1057 1346 1090 1407 et
1108 1344 1215 1407 virum
1234 1343 1323 1407 falle·

298 1435 379 1497 rent.
438 1431 498 1497 ille
535 1433 666 1517 quidem
699 1456 829 1499 securus
861 1434 1012 1518 periculi,
1050 1434 1137 1516 quod
1170 1433 1322 1509 instabat,
1338 1454 1365 1493 10

299 1520 475 1586 Alexandri
485 1544 608 1606 manus,
623 1544 701 1605 quas
711 1525 797 1588 solas
808 1522 952 1606 timebat,
966 1523 1107 1607 effugere
1117 1522 1322 1607 properabat.

244 1618 283 1672 XI
366 1608 489 1675 Patron
511 1614 633 1697 autem,
662 1611 857 1677 Graecorum
881 1612 960 1696 dux,
992 1613 1151 1696 praecipit
1174 1613 1255 1695 suis,
1286 1614 1323 1675 ut
1338 1610 1379 1665 3⁰

300 1721 398 1783 arma,
422 1723 503 1784 quae
526 1702 561 1766 in
584 1701 717 1767 sarcinis
740 1705 836 1766 antea
857 1702 1061 1785 ferebantur,
1088 1700 1259 1765 induerent
1282 1701 1324 1764 ad

264 1808 395 1855 somne
419 1790 591 1874 imperium
615 1812 708 1854 suum
731 1791 838 1875 parati
861 1795 895 1855 et
917 1790 1042 1855 intenti.
1095 1788 1169 1875 Ipse
1193 1811 1322 1854 currum

299 1878 386 1963 regis
418 1880 614 1962 sequebatur
645 1880 807 1945 occasioni
829 1880 991 1943 inminens
1014 1879 1209 1964 adloquendi
1233 1901 1322 1944 eum:
1338 1898 1366 1938 1⁵

300 1966 420 2056 quippe
456 1968 549 2032 Bessi
587 1968 713 2033 facinus
754 1972 983 2053 praesenserat.
1035 1966 1098 2034 Sed
1134 1967 1252 2033 Bessus
1290 1969 1323 2032 id

300 2056 406 2138 ipsum
426 2062 582 2136 metuens,
601 2061 709 2123 custos
729 2059 836 2123 verius
856 2080 953 2141 quam
972 2078 1089 2141 comes,
1108 2080 1127 2121 a
1143 2079 1239 2122 curru
1257 2079 1324 2122 non

264 2167 279 2213 3
299 2146 477 2211 recedebat.
522 2146 589 2211 Diu
612 2169 689 2233 ergo
710 2147 833 2213 Patron
856 2150 1024 2213 cunctatus
1048 2169 1086 2212 ac
1108 2148 1236 2231 saepius
1260 2168 1323 2210 ser-

300 2256 396 2298 mone
434 2240 618 2320 revocatus,
654 2237 738 2301 inter
775 2238 872 2302 fidem
904 2238 1117 2320 timoremque
1149 2237 1324 2321 haesitans,

264 2346 282 2391 4
300 2344 408 2409 regem
434 2325 628 2390 intuebatur.
666 2325 729 2402 Qui
751 2330 789 2390 ut
809 2327 940 2391 tandem
959 2325 1099 2390 advertit
1117 2328 1237 2409 oculos,
1261 2324 1324 2390 Bu·
1339 2343 1368 2382 ao

300 2411 403 2477 bacen
422 2414 596 2497 spadonem
610 2414 695 2479 inter
713 2415 880 2499 proximos
900 2436 1029 2479 currum
1049 2420 1235 2499 sequentem
1253 2436 1325 2499 per-

301 2503 426 2566 contari
448 2501 553 2586 iubet,
584 2505 743 2588 numquid
772 2504 838 2589 ipsi
868 2505 949 2569 velit
981 2503 1094 2570 dicare.
1139 2503 1261 2569 Patron
1290 2526 1324 2568 se

300 2612 393 2675 vero,
426 2593 482 2656 sed
504 2593 639 2657 remotis
662 2594 793 2658 arbitris
816 2595 908 2678 loqui
930 2596 1012 2657 velle
1036 2615 1109 2658 cum
1133 2616 1170 2657 eo
1194 2615 1325 2678 respon·

301 2680 349 2748 dit
371 2681 544 2765 iussusque
566 2683 701 2767 propius
724 2683 873 2748 accedere
896 2682 965 2747 sine
988 2683 1167 2766 interprete
1186 2721 1231 2729 —
1250 2705 1325 2748 nam

264 2792 280 2837 a
300 2769 387 2833 haud
409 2771 499 2835 rudis
519 2768 659 2836 Graecae
680 2773 812 2858 linguae
831 2772 957 2837 Dareus
978 2775 1046 2836 erat
1070 2796 1125 2836 —:
1151 2772 1254 2856 ‘Rex',
1277 2772 1325 2835 in-
1338 2796 1367 2836 rs

301 2860 386 2942 quit,
424 2860 476 2924 ‘ex
513 2878 535 2923 L
572 2860 705 2925 milibus
744 2860 938 2926 Graecorum
975 2882 1184 2946 supersumus
1220 2862 1326 2945 pauci,

301 2951 407 3013 omnis
430 2950 580 3015 fortunae
602 2954 677 3015 tuae
701 2952 836 3015 comites
859 2955 892 3015 et
914 2950 950 3015 in
966 2950 1030 3014 hoo
1048 2955 1105 3015 tuo
1125 2953 1211 3015 statu
1230 2949 1325 3028 idem,

301 3037 357 3121 qui
375 3039 510 3104 florente
528 3043 561 3103 te
579 3040 711 3123 fuimus,
734 3061 955 3123 quascumque
973 3043 1075 3104 terras
1095 3041 1240 3126 alagona,
1263 3061 1324 3123 pro

265 3146 281 3193 o
301 3127 416 3211 patria
438 3132 470 3191 et
502 3129 687 3194 domesticis
717 3128 814 3193 rebus
838 3129 982 3213 petituri.
1029 3126 1193 3193 Secundae
1217 3129 1326 3192 adver-

301 3238 418 3299 saeque
441 3238 492 3281 res
512 3222 585 3282 tuae
604 3220 796 3303 copulavere
814 3239 873 3283 nos
893 3222 1010 3283 tecum.
1047 3217 1110 3281 Per
1128 3217 1210 3282 hanc
1229 3218 1325 3282 fidem
1340 3241 1368 3281 so

375 3435 388 3481 1
408 3428 589 3483 Nabarzanes
612 3432 721 3484 Lacca:
747 3428 897 3482 artabanus
916 3434 947 3482 Δ.
1048 3433 1064 3482 3
1084 3428 1210 3483 venerari
1236 3446 1286 3484 om.
1306 3435 1327 3481 P

300 3518 335 3553 m.
346 3519 391 3570 pr.
455 3500 601 3571 tmitem]
620 3501 732 3555 mittem
750 3505 820 3555 Bm.
830 3506 960 3569 paam.
971 3518 1016 3569 pr.
1032 3506 1062 3553 V.
1126 3501 1208 3571 Sne]
1227 3517 1281 3553 nex
1294 3506 1325 3554 V.

303 3577 335 3626 11
364 3570 547 3643 properabat]
576 3572 713 3641 operabat
737 3577 768 3626 V.
884 3578 917 3625 12
945 3571 1096 3642 praecipit]
1124 3572 1270 3641 praecepit
1296 3578 1326 3625 L.

302 3650 334 3696 19
354 3644 553 3715 timoremque]
568 3645 757 3712 timorumque
771 3647 802 3697 V.
858 3649 892 3697 21
911 3643 1085 3713 percontari]
1105 3643 1284 3712 percunctari
1297 3649 1327 3697 P.

301 3721 334 3768 22
355 3715 410 3784 ipsi
424 3721 450 3769 I:
469 3714 530 3784 ipse
545 3722 575 3769 Δ.
637 3721 671 3769 24
689 3714 816 3786 propius]
832 3715 966 3783 propisus
981 3720 1008 3768 P.
1069 3720 1103 3768 25
1122 3714 1211 3786 haud]
1226 3714 1284 3768 hau
1297 3720 1326 3767 P.

301 3792 335 3840 26
355 3805 388 3841 ex
408 3806 458 3840 ona.
474 3791 502 3839 B.
589 3807 605 3839 n
623 3786 739 3840 milibus
758 3792 783 3839 1:
805 3791 882 3839 naA.
977 3791 1009 3839 27
1030 3785 1120 3839 omnis
1140 3787 1247 3841 Lauer:
1268 3802 1327 3840 om-

290 3876 347 3910 nes
357 3865 389 3912 Δ.
465 3857 556 3931 idem]
575 3858 690 3928 quidem
708 3864 776 3911 Pm.
787 3875 834 3927 pr.
