3150 4459
450 437 706 490 HISTORIARUM
724 436 941 491 ALEXANDRI
959 437 1031 505 VIII,
1051 444 1093 524 14.
1220 438 1285 501 303

261 599 388 663 dorum:
413 600 594 683 ‘Tandem',
627 601 746 683 inquit,
779 601 850 683 ‘par
878 595 985 664 aniriro
1009 622 1081 666 meo
1104 600 1285 683 pericnlum

260 689 366 753 video:
391 710 464 753 cum
488 690 600 754 bestiis
623 690 722 754 simul
744 694 870 754 etcum
890 690 1029 775 egregiis
1048 689 1126 754 viris
1144 712 1195 754 res
1214 691 1284 754 est'

259 776 457 861 Intuensque
477 777 620 842 Coenon:
646 777 739 842 ‘Cum
759 780 842 863 ego',
861 779 976 862 inquit,
996 779 1195 843 ‘Ptolomaeo
1211 779 1285 844 Per·
1305 795 1339 843 15

261 868 413 950 diccaque
437 872 469 931 et
483 867 725 951 Hephaestione
749 869 923 932 comitatus
942 868 977 932 in
994 869 1120 932 laevum
1141 867 1285 932 hostium

233 977 362 1022 acorna
386 957 545 1040 impetum
568 957 686 1039 fecero,
709 957 893 1040 viderisque
916 980 967 1021 me
990 958 1025 1020 in
1044 957 1152 1021 medio
1172 957 1285 1021 ardore

260 1047 453 1129 certaminis,
476 1047 546 1129 ipse
570 1047 718 1111 dextrum
744 1069 837 1111 move
861 1050 893 1111 et
916 1046 1057 1111 turbatis
1081 1046 1175 1130 signa
1193 1047 1284 1111 infer.

260 1135 323 1217 Tu,
347 1133 524 1221 Antigene,
550 1139 583 1199 11
605 1140 656 1220 tu,
679 1135 859 1219 Leonnato,
882 1139 915 1199 et
938 1136 1081 1218 Tauron,
1111 1138 1176 1201 iam
1199 1136 1285 1199 inve-

260 1224 383 1287 hemini
406 1225 440 1286 in
463 1225 601 1289 mediam
626 1227 727 1289 aciem
752 1229 784 1288 et
803 1224 963 1310 urgebitis
982 1225 1132 1289 frontem.
1165 1223 1285 1290 Hastae
1307 1242 1339 1289 11

260 1318 389 1376 nostrae
417 1313 611 1399 praelongae
640 1320 671 1378 et
698 1314 823 1377 validae
849 1336 917 1378 non
945 1314 1024 1378 alias
1051 1315 1157 1399 magis
1187 1336 1286 1397 quam

220 1428 246 1467 10
261 1403 412 1465 adversus
435 1402 548 1467 beluas
571 1407 776 1487 rectoresque
801 1424 909 1467 aarum
933 1406 1007 1468 usui
1026 1425 1096 1467 esse
1115 1408 1285 1487 poterunt:
1326 1444 1329 1450 ‚

262 1490 429 1555 deturbate
453 1514 507 1556 eos
514 1546 522 1577 ,
552 1493 607 1574 qui
630 1492 806 1573 vehuntur,
834 1497 867 1558 et
890 1493 977 1576 ipsas
1001 1493 1174 1557 confodite.
1220 1492 1286 1556 An-

260 1602 334 1663 ceps
354 1602 456 1665 genus
476 1581 589 1645 auxilii
608 1586 657 1644 est
677 1583 762 1645 etin
781 1603 857 1646 suos
872 1582 977 1646 acrius
992 1582 1085 1646 furit:
1109 1583 1143 1645 in
1157 1581 1284 1645 hostem

260 1672 343 1733 enim
368 1672 519 1754 imperio,
550 1671 584 1735 in
608 1693 683 1735 suos
706 1692 827 1754 pavore
851 1671 979 1755 agitur'
1025 1670 1115 1735 Haec
1138 1671 1338 1737 elocutus17

261 1760 403 1824 concitat
426 1782 545 1843 equum
568 1761 702 1843 primus
747 1758 894 1844 Iamque,
927 1764 964 1824 ut
987 1760 1184 1825 destinatum
1208 1764 1286 1837 erat,

220 1874 245 1912 15
262 1849 422 1912 invaserat
451 1850 579 1913 ordines
606 1849 764 1931 hostium,
797 1870 871 1913 cum
896 1848 1022 1913 Coenus
1053 1849 1179 1934 ingenti
1211 1850 1286 1913 via

260 1939 351 2000 laevo
381 1959 482 2001 cornu
510 1937 682 2002 invehitur.
728 1937 877 2001 Phalanx
907 1960 1035 2022 quoque
1068 1939 1207 2002 mediam
1235 1937 1284 2001 In-
1306 1955 1339 2003 18

206 2030 245 2084 49
262 2026 376 2089 dorum
408 2027 509 2091 aciem
541 2048 607 2090 uno
639 2026 763 2111 impetu
796 2029 951 2110 perrupit.
997 2026 1042 2091 Aa
1069 2027 1188 2110 PoruS,
1223 2049 1286 2110 qua

261 2116 402 2197 equitem
425 2116 535 2179 invehi
559 2120 712 2200 senserat,
733 2116 845 2180 beluas
869 2118 923 2201 agi
947 2116 1055 2181 iussit:
1079 2116 1134 2180 sed
1156 2117 1285 2181 tardum

261 2208 293 2267 et
315 2226 416 2287 paene
435 2204 591 2268 inmobile
609 2205 730 2269 animal
749 2228 906 2290 equorum
925 2205 1130 2270 velocitatem
1149 2228 1286 2290 aequare

220 2321 246 2359 11
260 2316 327 2357 non
349 2299 485 2376 poterat.
528 2294 580 2359 Ne
603 2296 795 2380 sagittarum
818 2295 948 2379 quidem
972 2299 1058 2360 ullus
1082 2299 1150 2359 erat
1173 2296 1286 2359 barba-

260 2383 305 2445 ris
333 2405 420 2446 usus.
467 2382 595 2467 Quippe
616 2384 732 2469 longas
756 2388 789 2448 et
811 2405 1018 2470 praegraves,
1049 2384 1114 2448 nisi
1136 2385 1228 2467 prius
1251 2384 1285 2448 in
1305 2403 1338 2450 19

260 2475 346 2535 terra
378 2476 562 2537 statuerunt
591 2495 713 2555 arcum,
746 2473 834 2537 haud
862 2474 941 2537 satis
964 2479 1038 2557 apte
1062 2479 1094 2538 et
1117 2474 1285 2538 commode

259 2564 430 2646 inponunt,
452 2567 523 2625 tum
547 2562 647 2625 humo
670 2562 796 2627 lubrica
819 2566 851 2626 et
875 2563 916 2627 ob
935 2564 968 2627 id
987 2563 1172 2647 inpediente
1192 2585 1285 2628 cona·

261 2655 330 2714 tum
368 2652 540 2715 molientes
577 2652 660 2716 ictus
698 2652 865 2716 celeritate
900 2652 1045 2716 hostiurn
1079 2656 1285 2735 occupantur.

333 2896 754 2968 1Tandemltantundem1’m.
766 2916 812 2967 pr.
867 2897 973 2969 inquit]
988 2898 1089 2966 inquid
1099 2903 1130 2951 V.
1186 2896 1285 2951 3001-

260 2985 316 3020 non
338 2971 463 3023 Merula:
488 2986 578 3022 conon
596 2974 627 3022 A.
737 2968 842 3039 inquit]
861 2968 963 3036 inquid
981 2975 1011 3021 V.
1121 2968 1285 3021 Ptolomaeo

259 3041 370 3107 scripsi:
391 3041 533 3109 ptolomeo
553 3046 614 3106 rv,
633 3040 797 3108 ptholomeo
816 3044 895 3093 BLP.
969 3040 1172 3110 Perdiccaque]
1191 3039 1285 3108 perdi·

261 3126 349 3177 caque
368 3117 395 3163 1².
457 3117 473 3163 4
495 3112 705 3180 Hephaestione
726 3111 843 3179 Oospua:
863 3111 1029 3179 ephestione
1048 3116 1078 3165 Δ.
1144 3116 1159 3163 6
1179 3110 1284 3182 fecero]

260 3182 333 3234 facio
353 3188 421 3236 Fan.
433 3201 479 3250 pr.
511 3221 515 3225 -
565 3183 622 3253 me]
641 3201 693 3237 om.
708 3189 728 3234 P
742 3200 775 3236 m.
789 3200 834 3249 pr.
928 3184 1104 3252 7Antigene
1123 3183 1284 3251 Zumptias:

260 3253 396 3321 antigone
414 3259 444 3307 Δ.
535 3253 594 3306 iam
612 3254 785 3306 invehemini
803 3255 914 3323 scripsi:
936 3271 993 3307 non
1011 3253 1181 3308 inuehimini
1195 3260 1223 3318 P,
1242 3254 1283 3305 in-

259 3324 398 3377 uehimini
412 3333 438 3379 0.
521 3330 537 3377 8
555 3324 708 3395 urgebitis]
721 3325 881 3392 urguebitis
896 3331 951 3378 Π.
1041 3330 1075 3378 10
1093 3325 1284 3395 rectoresque]

260 3398 424 3464 ectoresque
447 3403 469 3448 V
488 3414 523 3449 m.
538 3414 598 3465 pn,
626 3403 811 3463 uectoresque
833 3402 904 3449 Vm.
919 3414 969 3451 see.
1080 3402 1112 3449 11
1134 3397 1193 3467 eos]
1213 3400 1284 3449 eol!

259 3485 293 3589 ll·
305 3485 420 3591 1111
439 3474 494 3591 115
514 3467 743 3610 cillialid&
751 3472 899 3607 ,trans
908 3473 944 3593 l·
1009 3467 1284 3610 altaalta:

259 3611 449 3677 rumpitrm.
462 3629 506 3679 pr.
636 3617 669 3663 21}
689 3610 871 3681 sagittarum]
896 3611 1054 3680 sagitarum
1073 3615 1100 3663 Ι..
1196 3610 1284 3681 ullus]

260 3680 354 3733 nullus
373 3688 400 3734 Ρ.
492 3682 633 3753 barbaris]
656 3682 794 3736 barbarus
814 3688 882 3736 Em.
893 3699 939 3751 pr.
1050 3682 1285 3751 1111181111-

260 3755 367 3806 111111
387 3754 490 3823 longae
509 3760 539 3807 Α.
655 3759 688 3806 22
708 3755 870 3816 statuerunt
893 3754 1047 3809 Kiaehius:
1073 3756 1231 3806 statuerent
1253 3757 1283 3805 Δ.

260 3830 294 3876 24
308 3824 394 3895 ictus]
408 3825 503 3879 hictus
517 3832 546 3879 V.
