3150 4459
423 478 679 533 HISTORIARUM
698 477 914 533 ALEXANDRI
933 479 1018 547 VIIII,
1039 485 1081 537 10.
1200 480 1266 545 341

239 640 362 705 rabiem
382 641 604 725 desperatione
625 641 710 706 versi
729 664 839 726 parem
859 664 918 708 suo
938 644 1060 707 exitum
1080 646 1266 727 similesque

190 736 224 793 11
239 730 320 814 ipsis
351 731 472 795 amicos
502 735 535 795 et
566 730 812 796 contubernales
844 732 1067 816 precabantur.
1115 732 1185 798 Rex
1209 734 1319 801 do-1s
1350 781 1352 785 ι

239 819 308 884 lore
331 821 429 883 simul
452 841 489 884 ac
511 821 634 904 pudore
659 821 784 903 anxius,
813 822 889 903 quia
913 843 1009 885 causa
1032 825 1141 887 tantae
1164 822 1265 887 cladis

239 910 309 992 ipse
332 913 432 992 esset,
458 910 498 973 ad
521 909 802 993 Phrataphemen,
825 909 1082 993 Parthyaeorum
1106 920 1266 998 satrapen,

211 1025 223 1065 a
238 998 337 1081 misit,
356 998 413 1080 qui
431 998 558 1062 iuberet
576 1000 707 1063 camelis
727 1002 819 1064 cocta
837 998 960 1064 cibaria
974 999 1101 1084 adferri,
1120 1001 1265 1083 aliosque

238 1087 450 1151 finitimarum
477 1088 647 1172 regionum
676 1087 857 1171 praefectos
886 1089 1038 1160 certiores
1062 1090 1248 1155 necessitati

239 1198 314 1241 suae
347 1176 432 1240 fecit.
478 1176 549 1242 Nec
580 1183 739 1241 cessatum
772 1181 822 1241 est
854 1177 894 1242 ab
927 1177 987 1242 his.
1033 1176 1148 1262 Itaque
1181 1180 1265 1243 fame
1286 1195 1319 1244 18

238 1265 408 1329 dumtaxat
444 1266 626 1330 vindicatus
664 1266 824 1331 exercitus
861 1268 992 1331 tandem
1027 1268 1062 1331 in
1095 1266 1266 1333 Gedrosiae

238 1356 319 1417 fines
342 1355 538 1438 perducitur.
577 1353 731 1419 Omnium
755 1378 864 1419 rerum
884 1358 953 1420 solo
972 1358 1074 1421 fertili
1092 1357 1183 1441 regio
1202 1360 1266 1421 est:

196 1444 272 1511 11111
296 1466 360 1526 qua
384 1446 501 1510 stativa
524 1443 648 1527 habuit,
672 1448 709 1514 ut
732 1449 865 1510 vexatos
889 1446 1009 1509 milites
1033 1446 1142 1529 quiete
1161 1447 1266 1511 firma·

238 1538 295 1598 ret.
342 1532 406 1597 Hic
434 1534 593 1598 Leonnati
625 1534 751 1598 litteras
784 1535 909 1618 accepit
941 1534 1126 1600 conflixisse
1159 1536 1266 1618 ipsum
1286 1552 1319 1601 19

238 1644 311 1686 cum
330 1640 394 1685 vni
418 1623 551 1687 milibus
574 1623 721 1706 peditum
740 1627 773 1687 et
787 1639 874 1687 cccc
895 1624 1059 1707 equitibus
1075 1623 1266 1688 Horitarum

237 1733 393 1795 prospero
431 1716 556 1776 eventu.
614 1711 644 1774 A
678 1710 811 1776 Cratero
849 1734 979 1795 quoque
1008 1715 1144 1777 nuntius
1178 1715 1267 1777 venit

238 1799 361 1864 Ozinen
384 1804 417 1863 et
440 1800 628 1885 Zariaspen,
661 1801 780 1865 nobilis
805 1800 933 1885 Persas,
961 1802 1175 1867 defectionem
1199 1823 1267 1866 mo-

197 1887 351 1955 salientes
385 1911 558 1974 oppressos
592 1912 611 1953 a
643 1912 677 1953 se
709 1891 744 1954 in
777 1891 916 1956 vinculis
948 1913 1026 1955 esse.
1073 1891 1264 1975 Praeposito
1285 1907 1320 1957 20

238 1978 340 2063 igitur
368 1981 494 2063 regioni
519 1977 733 2062 Sibyrtio-
755 2002 896 2062 namque
919 1978 1052 2065 Menon,
1082 1981 1265 2064 praefectus

238 2067 320 2145 eius,
352 2090 457 2151 nuper
490 2069 658 2131 interierat
689 2068 804 2132 morbo
833 2106 876 2114 -
905 2070 940 2132 in
965 2068 1169 2133 Carmaniam
1196 2070 1266 2154 ipse

237 2158 404 2239 processit.
450 2157 605 2239 Astaspes
630 2161 699 2221 erat
717 2161 862 2241 satrapes
886 2160 1002 2243 gentis,
1026 2163 1194 2243 suspectus
1214 2180 1265 2222 res
1285 2174 1318 2223 21

237 2267 357 2309 novare
380 2246 531 2331 voluisse,
555 2247 632 2310 dum
655 2247 691 2310 in
709 2244 804 2310 India
821 2269 877 2311 rex
898 2252 959 2311 est:
983 2269 1079 2330 quem
1099 2270 1265 2312 occurren-

197 2359 224 2399 so
237 2338 303 2397 tem
328 2335 532 2399 dissimulata
552 2338 601 2399 ira
620 2336 757 2401 comiter
774 2336 954 2420 adlocutus,
978 2338 1055 2402 dum
1074 2338 1266 2422 exploraret,

190 2426 223 2481 12
239 2446 320 2506 quae
344 2423 450 2488 delata
474 2429 574 2507 erant,
598 2426 633 2489 in
654 2425 766 2489 eodem
784 2426 909 2489 honore
928 2425 1052 2490 habuit.
1091 2426 1172 2491 Cum
1192 2426 1266 2490 inde
1286 2442 1319 2491 22

237 2514 402 2597 praefecti,
426 2514 512 2578 sicut
534 2516 729 2597 imperatum
754 2519 832 2598 erat,
856 2537 1013 2598 equorum
1037 2517 1267 2581 iumentorum-

237 2624 295 2684 que
316 2603 475 2688 iugalium
494 2604 562 2668 vim
580 2605 746 2687 ingentem
766 2604 922 2688 exomni,
947 2626 1029 2686 quae
1050 2605 1110 2669 sub
1130 2605 1266 2688 imperio

237 2695 320 2776 erat,
353 2692 486 2777 regione
516 2693 694 2775 misissent,
727 2693 845 2775 quibus
875 2694 1007 2757 deerant
1037 2693 1267 2777 inpedimenta,
1360 2770 1362 2773 Ι

197 2804 222 2844 ss
237 2781 389 2845 restituit.
426 2780 528 2845 Arma
552 2803 681 2864 quoque
705 2781 745 2844 ad
769 2782 944 2864 pristinum
964 2782 1085 2847 refecta
1104 2786 1181 2845 sunt
1200 2781 1265 2845 cul·
1287 2796 1321 2846 21

237 2873 321 2934 tum:
345 2871 466 2954 qnippe
484 2870 572 2934 haud
589 2872 704 2954 procul
723 2894 742 2934 a
760 2869 890 2935 Perside
910 2870 1044 2934 aberant
1068 2893 1133 2935 non
1154 2875 1268 2955 pacata

312 3079 555 3151 ldesperatione]
573 3080 766 3149 disperatione
779 3085 808 3132 1..
865 3080 984 3152 exitum]
1004 3080 1082 3134 exitu
1097 3086 1124 3134 P.
1181 3086 1266 3133 31111-

238 3150 312 3274 :aa
331 3151 499 3276 lltlmiv·
555 3151 1267 3291 11111111411111111111111

237 3240 446 3417 ppartbmorum
465 3294 508 3365 V].
582 3295 716 3363 satrapen
736 3301 766 3347 0:
789 3241 936 3363 satrapdm
955 3299 1000 3347 1²1.
1014 3312 1049 3348 m.
1060 3313 1106 3365 pr.
1181 3300 1197 3347 ὃ
1217 3294 1267 3347 ad-

250 3365 306 3418 erri
324 3369 357 3417 P:
377 3364 487 3418 adferre
506 3371 532 3417 c.
596 3364 724 3432 aliosque
742 3371 775 3418 P:
796 3364 868 3419 alios
887 3373 912 3419 c.
974 3366 1138 3437 litandam]
1157 3367 1217 3419 tam
1237 3372 1266 3418 P.

239 3441 254 3488 9
274 3434 333 3488 solo
353 3435 442 3489 fertili
458 3436 620 3491 Acidaliae:
641 3435 701 3490 sola
720 3435 823 3490 fertilis
838 3441 869 3491 A.
926 3442 959 3490 12
980 3455 1045 3491 cccc
1064 3442 1096 3491 P:
1117 3455 1166 3491 ccc
1186 3444 1211 3491 0.

238 3507 402 3560 Horitarum
417 3508 586 3562 Frobeuius:
604 3508 762 3561 noritarum
776 3513 805 3575 P,
819 3508 986 3562 moritarum
1000 3516 1026 3561 c.
1088 3514 1120 3562 lt
1139 3507 1265 3579 Cratero]

239 3580 346 3632 cratere
365 3583 410 3631 PL
424 3597 460 3633 m.
471 3596 517 3647 pr.
579 3579 708 3659 nuntius]
727 3579 849 3633 nuncius
867 3584 898 3632 V.
961 3586 993 3633 16
1012 3579 1124 3650 regioni
1142 3580 1266 3649 Sibyrtio

240 3650 459 3704 Freinshemius:
475 3649 598 3720 regionis
612 3650 719 3704 iburtro
733 3655 756 3702 Δ
772 3650 908 3721 [regionis
922 3650 1031 3704 ibureio
1045 3652 1089 3723 η.
1151 3651 1266 3721 Menon]

239 3737 359 3774 moenon
379 3727 404 3773 0.
480 3726 513 3775 18
534 3721 669 3791 Astaspes
690 3721 830 3777 Fuluius:
854 3721 977 3791 aspastis
996 3727 1026 3778 A.
1101 3724 1267 3791 satrapesB

239 3810 273 3846 m.
288 3810 351 3846 sec:
367 3794 496 3861 satrapas
506 3797 537 3845 Δ.
593 3799 627 3846 22
642 3794 898 3863 iumentorumque
913 3795 1020 3849 Leues:
1036 3794 1225 3848 iumentorum
1235 3797 1266 3845 Δ.

240 3869 274 3916 24
294 3865 355 3916 erat
374 3865 481 3919 Laeter:
502 3867 583 3917 etant
601 3869 632 3917 Δ.
706 3870 740 3917 26
760 3864 849 3936 haud]
868 3864 939 3918 haut
957 3871 1011 3920 Μ’.
