3150 4459
282 465 347 529 102
662 462 693 528 Q.
713 463 824 518 CURTI
842 464 928 518 RUFI

281 627 548 714 Tigrinsuperat
572 632 604 693 et
621 628 790 711 Babylona
814 650 887 691 cum
906 628 1052 711 reliquiis
1077 629 1193 694 devicti
1217 640 1304 692 exer*

282 717 365 786 citus
388 719 497 782 intrat.

246 824 263 873 8
349 806 473 872 Dareus
500 808 613 891 paucis
640 807 737 891 fugae
761 806 933 870 comitibus
963 807 1003 869 ad
1026 806 1147 890 Lycum
1178 830 1302 871 amnem
1318 812 1356 864 61

282 896 503 961 contenderat:
523 918 587 979 quo
603 896 739 960 traiecto
755 894 924 977 dubitavit,
944 918 985 959 an
1005 897 1143 960 solveret
1161 900 1302 979 pontem.

284 984 412 1069 Quippe
430 985 557 1051 hostem
580 985 645 1049 iam
666 985 775 1049 adfore
794 983 1012 1048 nuntiabatur.
1060 983 1122 1049 Sed
1146 989 1195 1049 tot
1214 985 1304 1049 milia
1332 1010 1344 1049 5

283 1096 429 1159 suorum,
458 1096 540 1158 quae
562 1074 708 1139 nondum
736 1075 777 1137 ad
805 1095 932 1137 amnem
955 1078 1181 1157 pervenerant,
1204 1078 1304 1157 ponte

246 1183 262 1230 9
281 1164 419 1230 rescisso
438 1163 568 1229 videbat
590 1163 694 1228 hostis
713 1163 865 1247 praedam
888 1163 965 1227 fore.
1013 1162 1206 1246 Abeuntem,
1231 1185 1303 1227 eum

281 1254 438 1318 intactum
462 1254 581 1320 sineret
603 1257 750 1337 pontem,
778 1252 896 1316 dixisse
920 1255 1047 1316 constat
1071 1252 1166 1318 malle
1195 1276 1228 1317 se
1258 1276 1304 1316 se-

281 1341 455 1426 quentibus
485 1343 547 1407 iter
576 1342 650 1407 dare
686 1363 783 1425 quam
815 1340 939 1405 auferre
969 1342 1177 1426 fugientibus.
1230 1341 1303 1425 lpse

281 1432 395 1518 ingens
420 1432 559 1515 spatium
583 1430 830 1517 fuga‘emensus
849 1429 955 1505 media
973 1431 1040 1495 fere
1063 1435 1159 1494 nocte
1183 1430 1304 1496 Arbela
1320 1458 1345 1496 m

305 1522 438 1585 ervenit.

246 1628 262 1675 0
281 1543 302 1605 p
348 1608 427 1686 Quis
446 1613 496 1675 101
509 1610 650 1674 ludibria
663 1610 823 1692 fortunae,
842 1608 969 1690 ducum,
988 1611 1154 1695 agminum
1174 1610 1303 1674 caedem

280 1700 505 1783 multiplicem,
519 1698 718 1765 devictorum
732 1698 854 1784 iugem,
872 1699 977 1762 clades
992 1720 1078 1762 nunc
1092 1700 1303 1783 singulorum,

280 1810 367 1852 nunc
390 1789 627 1872 universorum,
656 1792 712 1852 aut
739 1788 847 1852 animo
872 1788 1004 1871 adsequi
1032 1792 1129 1871 queat
1157 1793 1212 1853 aut
1236 1812 1303 1853 ora-

280 1877 369 1943 tione
404 1878 587 1961 conplecti?
638 1878 876 1962 Propemodum
910 1877 1031 1962 saeculi
1060 1900 1111 1942 res
1139 1878 1174 1940 in
1203 1900 1304 1941 unum
1320 1905 1344 1943 rs

247 1983 260 2031 1
280 1968 376 2031 illum
395 1966 490 2052 diem,
512 1969 585 2051 pro!
604 1967 736 2033 fortuna
755 1966 942 2032 cumulavit.
975 1966 1053 2049 Alii,
1077 1989 1140 2050 qua
1158 1970 1304 2030 brevissi-

280 2079 371 2120 mum
389 2057 521 2140 patebat
539 2059 610 2140 iter,
629 2056 685 2121 1111
703 2057 814 2121 devios
834 2055 934 2121 saltus
955 2061 987 2119 et
1001 2059 1129 2140 ignotas
1144 2059 1304 2138 sequenti-

280 2144 342 2210 bus
375 2146 472 2211 calles
504 2146 667 2230 petebant.
726 2145 837 2229 Eques
869 2145 1031 2229 pedesque
1072 2145 1198 2209 confusi
1236 2147 1304 2209 sine

281 2234 375 2316 duce,
403 2236 535 2299 armatis
562 2237 715 2317 inermes,
743 2236 880 2320 integris
909 2234 1029 2299 debiles
1057 2234 1303 2318 inplicabantur.

246 2321 405 2390 aDeinde
438 2325 659 2391 misericordia
688 2325 724 2389 in
750 2328 873 2387 metum
901 2346 1000 2407 versa,
1031 2326 1087 2407 qui
1117 2326 1209 2407 sequi
1238 2346 1305 2387 non
1319 2353 1345 2390 1ο

280 2417 440 2497 poterant,
472 2416 558 2479 inter
589 2418 721 2479 mutuos
754 2416 894 2499 gemitus
929 2414 1164 2478 deserebantur.
1225 2412 1304 2477 Sitis

280 2503 454 2587 praecipue
486 2502 642 2588 fatigatos
675 2508 707 2568 et
740 2504 866 2568 saucios
899 2502 1086 2585 perurebat,
1118 2502 1304 2585 passimque

283 2592 436 2656 omnibus
468 2594 548 2658 rivis
580 2595 824 2677 prostraverant
858 2613 992 2676 corpora
1024 2592 1304 2676 praeterfluentem

248 2697 401 2764 taquam
424 2680 529 2746 hianti
557 2703 612 2745 ore
636 2686 812 2765 captantes.
859 2680 963 2757 Quam
991 2703 1064 2746 oum
1088 2681 1180 2744 avide
1203 2680 1305 2744 turbi-

282 2770 357 2833 dam
379 2770 574 2854 hausissent,
595 2770 812 2836 tendebantur
834 2770 996 2853 extemplo
1020 2770 1207 2853 praecordia
1234 2793 1304 2855 pre·
1319 2799 1344 2837 ss

281 2863 388 2923 mente
411 2860 490 2925 limo
513 2862 729 2944 resolutisque
758 2863 791 2925 et
814 2860 1017 2943 torpentibus
1042 2859 1205 2942 membris,
1230 2881 1303 2924 oum

281 2952 520 3032 supervenisset
558 2950 677 3033 hostis,
712 2951 807 3013 novis
845 2949 1033 3012 vulneribus
1072 2950 1304 3013 excitabantur.

246 3037 419 3114 lQuidam
447 3041 613 3123 occupatis
640 3041 799 3123 proximis
827 3038 905 3102 rivis
935 3037 1137 3102 deverterant
1164 3038 1304 3122 longius

354 3295 368 3339 1
388 3286 499 3359 Tigrin]
518 3286 614 3357 tygrin
634 3292 659 3338 c.
717 3284 865 3353 Babylona
883 3285 1042 3354 Zumptius:
1062 3284 1234 3354 babylonam
1250 3290 1303 3350 BP,

280 3356 445 3412 babilonem
458 3364 512 3424 PL,
527 3356 702 3412 babillonam
716 3363 746 3411 v.
800 3356 930 3426 reliquiis
949 3362 974 3410 1:
994 3356 1111 3424 reliquis
1130 3362 1160 3409 Δ.
1217 3356 1303 3423 3Ly-

281 3429 357 3499 cum]
376 3428 463 3482 licum
477 3435 531 3483 FP.
587 3428 819 3499 enuntiabatur]
839 3428 1075 3482 nunciabaturv.
1137 3433 1304 3496 6111111111-

280 3501 346 3553 rant
364 3506 390 3552 1:
410 3503 579 3569 peruenerat
598 3504 628 3554 Δ.
709 3506 723 3552 ‘1
743 3499 861 3553 rescisso
881 3506 906 3552 1:
926 3498 1014 3553 reciso
1034 3503 1064 3552 A.
1147 3505 1179 3552 10
1197 3499 1303 3569 media]

280 3571 394 3624 moedia
412 3577 440 3625 P.
547 3572 714 3643 1211101111]
739 3572 906 3625 dusemr.
1013 3576 1044 3623 17
1065 3571 1162 3625 devios
1181 3572 1303 3638 Ieepius:

282 3642 390 3696 diuisos
410 3648 436 3710 c,
456 3644 579 3697 diuissos
598 3649 626 3697 P.
693 3648 725 3696 18
745 3643 867 3713 confusi]
887 3642 1013 3696 confusis
1029 3648 1056 3697 P.
1118 3647 1150 3695 19
1170 3642 1303 3711 inermes]

281 3713 422 3767 inhermes
441 3720 469 3767 P.
533 3714 744 3783 inplicabantur
761 3720 787 3767 1:
807 3714 989 3782 plicabantur
1006 3719 1036 3767 Δ.
1097 3719 1130 3766 25
1151 3713 1304 3783 extemplo]

281 3784 410 3854 exemplo
429 3792 449 3837 P
468 3805 502 3840 11.
517 3805 564 3856 pr.
646 3792 680 3839 26
703 3785 850 3857 membris]
875 3785 998 3839 menbris
1022 3791 1052 3838 V.
1142 3786 1305 3838 271111111-

272 3857 396 3925 bantur]
412 3858 582 3911 exer'bantur
595 3863 615 3910 P
630 3875 664 3912 m.
675 3876 721 3927 pr.
796 3862 830 3911 28
848 3856 996 3927 proximis]
1015 3856 1159 3925 proxumis
1178 3862 1198 3907 P
1213 3876 1246 3910 111.
1258 3876 1304 3924 pr.
