3150 4459
280 454 322 522 26
629 467 631 474 ψ
660 452 690 516 o.
711 451 819 506 enan
838 452 924 506 nuni

280 621 477 682 armatorum
501 616 629 681 ordines
660 616 763 681 ibant:
793 638 898 700 neque
926 616 1011 679 enirn
1042 616 1140 681 letius
1171 618 1304 682 extendi

279 706 379 772 aciem
404 706 612 789 patiebantur
639 706 816 791 angustiae.
863 704 1023 769 Paulatim
1055 704 1170 769 deinde
1194 705 1304 770 laxare

280 800 380 861 semet
405 796 494 859 sinus
517 794 677 860 montium
702 799 734 860 et
757 794 860 859 maius
884 796 1024 878 spatium
1044 794 1168 877 aperire
1193 815 1304 880 coepe·

279 889 365 969 rant,
388 884 435 948 ita
458 888 494 950 ut
517 906 584 949 non
607 884 703 968 pedes
727 885 833 948 solum
856 883 1004 968 pluribus
1027 884 1064 948 iu
1087 884 1235 949 ordinem
1257 884 1304 948 in·

280 975 401 1058 cedere,
421 974 476 1039 sed
491 975 587 1039 etiam
602 974 759 1038 lateribus
775 973 989 1038 circumfundi
1004 977 1113 1057 posset
1129 974 1303 1057 equitatus.
1328 1000 1335 1040 i

242 1070 266 1122 X
347 1063 416 1128 Iam
447 1065 482 1129 in
509 1066 696 1147 conspectu,
726 1062 781 1127 sed
813 1066 903 1127 extra
926 1062 983 1126 teli
1013 1063 1133 1128 iactum
1164 1066 1305 1147 utraque
1317 1068 1343 1125 ri

280 1154 364 1218 acies
388 1156 468 1234 erat,
500 1176 573 1218 curn
596 1153 719 1236 priores
743 1152 859 1217 Persae
889 1152 1090 1217 inconditum
1122 1154 1155 1216 et
1178 1154 1305 1217 trucem

244 1260 259 1306 a
280 1244 438 1307 sustulere
458 1241 639 1307 clamorem.
676 1242 835 1306 Redditur
854 1245 886 1305 et
905 1265 924 1304 a
942 1240 1181 1324 Macedonibus
1200 1241 1306 1307 maior

280 1333 439 1397 exercitus
471 1353 619 1410 numero,
657 1333 743 1416 iugis
776 1331 936 1396 montium
969 1332 1132 1415 vastisque
1165 1330 1305 1397 saltibus

279 1444 498 1505 repercussus:
523 1421 642 1505 quippe
662 1443 788 1503 semper
811 1420 1014 1485 circumiecta
1032 1441 1164 1484 nemora
1182 1425 1337 1506 petraea

280 1534 351 1595 que,
372 1515 663 1595 quantamcumque
683 1532 832 1594 accepere
846 1531 966 1593 vocem,
984 1509 1202 1593 multiplicato
1223 1532 1304 1575 sono

245 1601 431 1665 eraserunt.
474 1598 656 1664 Alexander
683 1603 757 1664 ante
785 1600 891 1684 prima
918 1600 1011 1685 signa
1034 1599 1103 1663 ibat
1127 1598 1306 1665 identidem

280 1714 377 1755 manu
408 1711 483 1754 suos
514 1689 678 1771 inhibens,
710 1711 750 1753 ne
781 1689 928 1773 suspensi
959 1688 1064 1753 acrius
1096 1688 1137 1753 ob
1168 1688 1306 1754 nimiam

280 1779 522 1844 festinationem
553 1779 715 1844 concitato
751 1778 868 1861 spiritu
901 1781 1104 1862 capesserent
1133 1776 1305 1860 proelium.

244 1886 261 1933 4
281 1867 426 1952 Cumque
450 1867 571 1955 agmini
596 1868 812 1953 obequitaret,
842 1869 931 1932 varia
955 1868 1115 1949 oratione,
1137 1871 1175 1932 ut
1200 1868 1305 1933 cuius·
1319 1893 1339 1933 n

282 1980 344 2043 que
368 1958 484 2021 animis
508 1962 620 2041 aptum
648 1961 729 2039 erat,
760 1957 881 2021 milites
910 1956 1151 2041 adloquebatur.
1199 1956 1306 2023 Mace·

282 2048 390 2131 dones,
413 2051 463 2110 tet
484 2047 640 2111 bellorum
660 2047 695 2111 in
713 2046 846 2132 Europa
864 2047 1012 2129 victores,
1031 2046 1071 2109 ad
1090 2046 1306 2131 subigendam

282 2136 394 2201 Asiam
419 2140 515 2220 atque
543 2136 659 2199 ultima
681 2134 823 2200 Orientis
854 2159 919 2201 non
948 2135 1050 2219 ipsius
1078 2136 1182 2221 magis
1207 2158 1305 2219 quarn

282 2248 340 2291 suo
365 2226 463 2291 ductu
486 2227 635 2310 profecti,
660 2226 856 2290 inveteratae
879 2225 1011 2290 virtutis
1035 2224 1305 2289 admonebantur:

246 2316 355 2380 eillos
379 2320 536 2379 terrarum
562 2316 651 2379 orbis
675 2315 864 2380 liberatores
886 2337 1097 2398 emensosque
1121 2314 1199 2378 olim
1224 2312 1306 2378 Her·
1320 2341 1342 2381 u

281 2404 362 2469 culis
386 2408 419 2469 et
442 2404 551 2469 Liberi
574 2406 676 2488 patris
706 2405 861 2469 terminos
889 2426 955 2468 non
979 2403 1085 2469 Persis
1109 2403 1220 2486 modo,
1250 2404 1306 2468 sed

281 2494 378 2558 etiam
405 2494 556 2557 omnibus
583 2494 735 2580 gentibus
763 2494 964 2578 inposituros
994 2495 1115 2579 iugum.
1158 2492 1306 2557 Macedo-

281 2606 359 2647 num
389 2584 571 2667 provineias
601 2583 718 2647 Bactra
749 2587 781 2647 et
810 2581 909 2648 Indos
938 2583 1017 2646 fore.
1064 2581 1200 2646 Minima
1227 2604 1306 2666 esse,

247 2692 262 2737 6
283 2696 364 2757 quae
382 2694 468 2737 nunc
482 2674 692 2755 intuerentur,
712 2674 768 2738 sed
788 2673 898 2736 omnia
911 2673 1047 2736 victoria
1065 2672 1191 2755 aperiri.
1228 2670 1307 2737 Non

282 2763 316 2827 in
338 2762 521 2846 praeruptis
549 2762 650 2846 petris
673 2760 861 2845 Illyriorum
890 2765 922 2825 et
950 2761 1105 2825 Thraciae
1134 2760 1218 2825 saxis
1243 2765 1306 2826 ste·
1320 2787 1344 2828 n

281 2852 374 2916 rilem
397 2852 541 2916 laborem
561 2852 639 2935 fore,
664 2852 767 2935 spolia
791 2851 892 2915 totius
912 2848 1054 2915 Orientis
1079 2851 1196 2914 offerri.
1239 2849 1307 2915 Vir

282 2941 390 3028 gladio
421 2942 567 3005 futurum
599 2963 693 3025 opus:
726 2945 829 3005 totam
861 2942 959 3005 aciem
991 2961 1049 3004 suo
1079 2961 1198 3024 pavore
1228 2940 1307 3004 flue-

248 3035 427 3096 rtuantem
457 3030 653 3096 umbonibus
688 3052 783 3114 posse
818 3030 964 3115 propelli.
1012 3028 1126 3093 Victor
1157 3028 1196 3091 ad
1226 3028 1307 3093 haec

282 3120 533 3184 Atheniensium
551 3119 724 3204 Philippus
743 3125 836 3204 pater
855 3119 1075 3201 invocabatur,
1100 3118 1307 3203 domitaeque

282 3233 385 3294 nuper
409 3210 561 3274 Boeotiae
585 3213 618 3274 et
646 3210 735 3273 urbis
759 3210 794 3274 in
824 3232 861 3274 ea
888 3208 1107 3273 nobilissimae
1135 3206 1175 3271 ad
1199 3210 1345 3274 solumne

355 3355 370 3402 3
391 3351 479 3403 semet
492 3350 606 3418 scripsi:
626 3365 655 3403 se
675 3350 704 3403 et
717 3354 748 3402 A.
804 3355 820 3402 4
839 3351 871 3405 in
890 3349 1017 3403 ordinem
1030 3350 1141 3417 scripsi:
1162 3347 1261 3402 ordine
1275 3353 1305 3401 A.

283 3421 499 3492 6iactum]iam
514 3423 575 3474 tum
586 3426 611 3474 0.
659 3421 792 3489 'ipriores
803 3419 1023 3489 Lauer:prioris
1033 3424 1063 3473 A.
1113 3425 1141 3473 11
1156 3421 1306 3488 quantam-

283 3493 414 3563 cumque]
429 3494 687 3561 quantumeumque
699 3499 724 3545 (2.
767 3509 901 3561 accepere
911 3498 936 3545 1:
952 3490 1080 3561 accipere
1089 3496 1119 3544 A.
1159 3492 1306 3564 romanu]

282 3582 384 3617 manu*
395 3570 421 3617 Ρ.
488 3570 521 3616 16
536 3563 627 3635 varia]
641 3564 701 3617 vari
715 3571 779 3618 Pm.
786 3581 832 3632 pr.
897 3564 1044 3635 cuiusque]
1060 3563 1261 3630 cuiuscumque
1275 3568 1307 3617 V.

284 3642 316 3689 17
336 3636 461 3706 Europa]
481 3652 586 3704 eupora
600 3641 619 3687 L
634 3654 668 3690 m.
680 3654 734 3705 pr,
755 3651 858 3703 europa
870 3642 924 3688 aP.
989 3641 1023 3687 20
1042 3634 1220 3705 liberatores]
1235 3633 1307 3688 libe—

282 3708 391 3761 catcres
409 3713 440 3759 V.
550 3713 584 3760 24
602 3706 721 3761 victoria
745 3706 848 3775 aperiri
867 3713 887 3758 Ρ
905 3725 938 3760 m.
951 3724 1010 3775 pa:
1034 3705 1137 3760 uictori
1156 3705 1262 3774 aperiri
1281 3712 1306 3759 0.

283 3786 316 3832 25
331 3778 502 3849 Illyriorum]
517 3778 667 3833 illiriorum
677 3786 702 3831 c.
759 3784 792 3830 26
808 3778 908 3850 totins]
918 3778 1009 3832 tocius
1020 3782 1075 3830 Π.
1131 3777 1198 3848 Vix]
1213 3778 1309 3832 abhoc

282 3853 361 3905 aerbo
380 3856 401 3902 F
419 3852 525 3919 incipit.
585 3855 618 3904 30
638 3849 783 3922 Boeotiae]
803 3849 915 3904 boetiae
935 3855 960 3903 0.
1033 3849 1111 3903 urbis
1131 3854 1156 3901 1:
1176 3848 1262 3903 urbes
1276 3853 1299 3900 A
