3150 4459
459 426 712 482 HISTORIARUM
731 427 943 482 ALEXANDRI
961 426 1021 495 1111,
1041 433 1064 481 ι.
1230 427 1272 490 63

255 591 413 673 pervenit.
460 590 531 668 Quo
555 597 727 676 conspecto
752 590 857 656 Arabs
882 592 1028 675 quidam,
1056 590 1153 657 Darei
1177 591 1279 675 miles,
1300 616 1332 663 15

256 680 363 743 maius
382 681 513 745 fortuna
532 703 590 746 ιιιι
607 683 732 745 facinus
752 702 858 765 ausus,
881 681 1024 767 gladium
1044 681 1180 765 clipeot
1182 703 1278 766 egens

257 791 352 852 quasi
343 770 534 873 'transfirga
549 770 685 873 genibus
699 771 785 855 regis
801 770 992 836 advolvitur
1032 769 1092 834 Ille
1107 772 1279 857 adsurgere

256 858 437 943 supplicem
467 861 632 963 recipique
663 861 696 924 in
698 864 747 924 ter
784 881 859 925 suos
891 860 994 925 ιιιιιιι.
973 859 1093 925 ιιΑ
1122 860 1279 925 barbarus
1299 884 1332 931 16

227 947 422 1049 agladiost
392 971 521 1012 srenue
549 951 584 1013 in
607 950 683 1013 dext
669 954 791 1013 ttram
777 949 934 1014 translato
962 950 1118 1014 cervicem
1143 950 1239 1034 adpet
1225 950 1279 1013 tiit

256 1037 351 1123 regis.
404 1036 466 1114 Qui
498 1039 615 1125 exigua
643 1039 787 1123 corporis
816 1038 965 1104 declinat
942 1043 1030 1103 tione
1063 1040 1183 1104 evitato
1212 1040 1279 1103 ictu

256 1126 289 1189 in
314 1148 433 1191 vanum
456 1150 587 1192 manum
612 1127 740 1192 barbari
765 1130 887 1212 lapsam
912 1133 1045 1212 amputa
1026 1127 1199 1212 atgladio,
1228 1128 1279 1191 de-

255 1216 442 1281 nuntiato
434 1239 468 1281 1n
491 1217 584 1281 illum
609 1217 693 1282 diem
717 1218 871 1303 periculo,
899 1222 936 1282 ut
959 1218 1044 1282 arbit
1045 1218 1176 1282 rebatur
1137 1218 1280 1302 uripse,

255 1305 436 1369 defunctus.
483 1305 555 1391 sed,
569 1311 607 1371 ut
622 1307 745 1391 opinor,
760 1306 946 1372 inevitabile
961 1311 1010 1371 est
996 1308 1139 1371 tfatum:
1160 1309 1279 1391 quippe
1299 1330 1332 1378 ιι

213 1424 239 1463 ιο
255 1394 333 1459 dum
362 1396 446 1460 inter
474 1397 632 1480 primores
660 1398 842 1481 promptius
872 1397 1016 1479 dimicat,
1049 1398 1167 1482 sagitta
1194 1398 1279 1461 ictus

255 1488 319 1567 est,
353 1506 449 1567 quam
476 1507 535 1569 per
563 1485 697 1551 loricam
725 1487 886 1569 adactam,
914 1490 1053 1551 stantem
1081 1487 1116 1549 in
1142 1485 1278 1549 humero

255 1573 400 1638 medicus
423 1575 492 1639 eius
518 1573 689 1659 Philippus
720 1575 837 1640 evellit.
883 1574 1047 1639 Plurimus
1072 1575 1185 1639 deinde
1210 1597 1332 1647 san-13

256 1662 330 1747 gnis
354 1685 483 1728 manare
513 1664 620 1747 coepit
644 1663 793 1729 omnibus
817 1664 948 1747 territis,
977 1666 1150 1748 quianon,
1181 1686 1277 1747 quarn

256 1752 320 1816 alte
351 1756 550 1836 penetrasset
587 1753 700 1836 telum,
735 1753 836 1818 lorica
872 1754 1022 1819 obstante
1053 1758 1277 1839 cognoverant.

213 1869 241 1909 ιι
255 1839 331 1926 Ipse
349 1863 391 1905 ne
410 1843 475 1905 oris
490 1843 620 1925 quidem
640 1842 747 1907 colore
766 1846 892 1907 mutato
909 1842 1068 1927 supprimi
1088 1844 1278 1927 sanguinem

256 1935 290 1993 et
323 1930 439 1995 vulnus
474 1930 612 2017 obligari
645 1932 747 1996 iussit.
794 1932 860 1996 Diu
893 1938 966 1997 ante
999 1934 1070 2016 ipsa
1102 1933 1195 2017 signe
1227 1932 1331 2001 vel19

255 2020 458 2084 dissimulato
479 2022 531 2085 vel
549 2023 636 2086 victo
656 2021 767 2086 dolore
781 2022 976 2106 perstiterat,
996 2045 1069 2087 oum
1085 2044 1276 2106 suppressus

255 2109 354 2193 paulo
390 2113 463 2173 ante
494 2113 624 2195 sanguis
656 2112 777 2175 labente
813 2110 1003 2198 ligamento,
1039 2134 1103 2195 quo
1133 2116 1277 2176 retentus

257 2202 338 2280 erat,
368 2221 497 2263 manare
529 2199 652 2285 largius
683 2200 800 2284 coepit,
831 2205 864 2265 et
891 2202 1018 2284 vulnus,
1049 2201 1135 2285 quod
1164 2206 1277 2285 tepens

213 2316 240 2355 ιο
255 2287 362 2351 adhuc
376 2287 518 2352 dolorem
537 2312 603 2352 non
616 2293 771 2372 moverat,
789 2290 929 2374 frigente
943 2291 1099 2376 sanguine
1114 2291 1278 2354 intumuit.

255 2376 376 2460 Linqui
405 2377 519 2442 deinde
547 2380 655 2443 animo
685 2383 717 2443 et
746 2379 895 2444 submitti
923 2402 1009 2465 genu
1037 2380 1151 2464 coepit,
1182 2401 1277 2463 quern
1298 2401 1331 2449 ιο

255 2465 397 2550 proximi
434 2472 605 2551 exceptum
642 2469 676 2531 in
713 2473 818 2533 castra
855 2473 1052 2553 receperunt.
1107 2468 1152 2531 Et
1188 2468 1278 2533 Betis

201 2563 239 2617 28
254 2555 459 2620 interfectum
495 2561 584 2621 ratus
614 2559 727 2621 urbem
760 2579 858 2623 ovans
887 2559 1022 2623 victoria
1056 2559 1182 2642 repetit.
1233 2557 1278 2621 At
1298 2578 1328 2626 ιι

255 2644 440 2709 Alexander
475 2646 619 2710 nondum
652 2652 823 2730 percurato
856 2648 988 2713 vulnere
1020 2670 1180 2734 aggerem,
1213 2669 1276 2731 quo

213 2762 240 2802 ιι
256 2735 419 2799 moenium
452 2735 655 2801 altitudinem
689 2741 853 2820 aequaret,
882 2737 1034 2801 'extruxit
1066 2737 1277 2820 pluribusque

255 2822 413 2888 cuniculis
436 2847 547 2890 muros
572 2826 685 2889 subrui
707 2826 811 2891 iussit.
859 2824 1020 2911 Oppidani
1044 2827 1085 2890 ad
1103 2826 1277 2910 pristinum
1297 2846 1330 2893 ιι

255 2913 426 2998 fastigium
445 2915 609 2979 moenium
628 2937 749 2979 novum
769 2920 938 2980 extruxere
957 2916 1203 2999 munimentum,
1223 2917 1277 2980 sed

255 3024 296 3067 nc
324 3002 358 3066 id
382 2999 510 3087 quiddm
535 3009 640 3069 turres
664 3006 775 3090 aggeri
800 3006 957 3088 inpositas
981 3009 1107 3089 poterat
1131 3027 1276 3088 aequare.

255 3090 371 3175 Itaque
385 3093 539 3157 interiora
552 3116 681 3177 quoque
695 3095 785 3158 urbis
800 3094 918 3158 infesta
932 3095 1005 3159 telis
1021 3097 1120 3158 erant.
1152 3093 1277 3159 Ultima
1297 3114 1330 3162 ιι

214 3210 242 3250 ιι
256 3181 359 3266 pestis
387 3180 477 3246 urbis
504 3183 568 3247 fuit
595 3184 744 3248 cuniculo
768 3184 923 3248 subrutus
950 3206 1072 3267 murus,
1099 3206 1157 3267 per
1185 3185 1277 3249 ouius

329 3399 344 3447 2
364 3394 467 3466 ιιιιιιι]
487 3394 597 3464 magius
616 3401 647 3448 V.
739 3395 831 3464 ohpco
850 3402 875 3449 1
896 3395 995 3465 clypeo
1015 3401 1045 3448 A
1139 3401 1153 3448 9
1172 3394 1276 3465 fatum]

255 3465 363 3519 factum
378 3471 398 3517 1³
412 3483 446 3520 m.
457 3484 503 3535 pr.
518 3471 549 3520 V.
606 3472 639 3520 10
654 3467 802 3539 primores]
817 3467 949 3536 plimores
963 3472 984 3518 Ρ
998 3485 1032 3521 m.
1043 3484 1088 3536 pr.
1146 3473 1177 3520 11
1194 3468 1277 3521 adac-

254 3538 326 3608 tam]
346 3538 480 3591 adaotum
498 3543 526 3592 1.
613 3539 741 3622 humero]
760 3555 857 3593 umero
876 3545 904 3592 F
991 3545 1023 3592 12
1043 3537 1203 3609 Philippus]
1223 3538 1277 3608 pli-

254 3608 394 3679 lippusr.
469 3615 502 3663 13
517 3610 585 3677 quia
599 3610 667 3680 non]
682 3611 750 3678 quia
764 3616 907 3665 numFm.
919 3615 1002 3679 pri.
1018 3613 1177 3677 quamllm
1190 3616 1275 3677 pr..v

256 3687 289 3735 18
309 3682 418 3736 labente
443 3679 599 3750 ligamento
624 3683 735 3751 scripsi
762 3684 968 3737 medicamento
995 3687 1024 3733 A.
1118 3687 1150 3733 19
1170 3681 1276 3750 largius

255 3754 404 3808 Heinsius:
424 3751 586 3822 longiusA.
646 3757 745 3823 tepens
760 3755 919 3808 Acidaliae:
940 3756 1100 3822 stupensA.
1158 3759 1190 3805 21
1211 3753 1275 3805 Lin-

254 3825 315 3897 qui]
335 3823 409 3892 liqui
427 3829 447 3875 1³
465 3843 501 3879 m.
511 3843 557 3893 pr.
631 3831 665 3878 30
684 3825 829 3896 subrutus]
849 3825 979 3878 subrutos
999 3830 1018 3877 1.
1037 3843 1070 3878 ιιι.
1082 3841 1127 3893 pr.
