3150 4459
305 440 373 503 148
686 436 718 502 Q.
738 436 848 491 CURTI
865 437 953 492 RUFI

302 603 488 687 ¹pratiaspue
510 602 619 683 apula
645 601 708 679 dis,
736 603 791 683 qui
815 608 886 683 post
912 607 1001 667 tanta
1029 603 1117 667 mala
1143 602 1198 667 loo
1226 609 1334 669 tamen

305 691 511 757 indulsissent
537 690 661 774 solatii,
687 712 727 754 ne
753 692 880 756 omniuo
907 692 943 754 in
969 692 1138 756 solitudine
1160 698 1334 757 eatremum

303 782 456 863 spi'rittm
478 781 654 861 effunderet.
683 779 808 861 ‘Itaque
829 779 877 863 te‚'
901 781 1012 863 inquit,
1037 781 1189 863 ‘ammonis
1203 802 1234 846 es
1248 803 1333 846 mor·

308 870 430 952 talium,
445 890 507 951 per
528 889 720 934 communem
732 869 894 933 hominnm
916 874 1038 952 sortem,
1060 890 1082 935 a
1095 891 1158 951 qua
1176 891 1214 933 ne
1228 873 1333 935 maai·

307 979 375 1024 mos
406 959 531 1040 quidem
562 978 647 1041 repes
683 963 835 1041 inemptos
871 978 934 1023 esse
967 960 1125 1040 praesenti
1160 960 1333 1041 speetaeulo

307 1050 452 1125 monueris,
473 1068 548 1130 rapo
569 1067 752 1130 quaesoque,
778 1052 815 1110 ut
836 1049 910 1112 laea
931 1049 976 1111 ad
996 1047 1217 1112 Alexandrum
1240 1070 1334 1113 mau-

308 1137 386 1202 data
403 1138 564 1219 perferas:
592 1136 675 1200 aad
697 1156 815 1216 eorum,
843 1157 922 1218 quae
950 1136 1038 1218 turpe
1060 1137 1243 1201 tristissima
1259 1158 1333 1219 per-

302 1245 416 1310 pessas
438 1247 517 1311 suin,
539 1245 579 1289 ne
600 1226 682 1289 luno
703 1226 829 1307 quidem
851 1226 1045 1291 inoredililis
1067 1228 1259 1291 calamitatis
1282 1249 1333 1291 eoo-

307 1316 387 1381 itum
410 1320 475 1379 tam
494 1335 623 1397 prooem
646 1315 725 1378 milri
747 1315 895 1379 aooidisse
917 1335 1012 1396 quom
1035 1315 1127 1398 illud,
1155 1317 1237 1396 quod
1259 1322 1335 1397 post

308 1410 398 1469 tanta
431 1406 465 1467 in
496 1424 545 1468 me
571 1424 711 1485 meosque
739 1405 852 1468 merita
879 1404 1029 1469 adeamus
1060 1405 1333 1469 clementissimum

307 1495 451 1558 ιιιίινιιι
474 1493 603 1557 inimico
625 1494 789 1557 uiuendum
810 1494 875 1575 fuit
896 1498 924 1557 et
945 1513 1030 1557 nuno
1052 1495 1175 1575 inprato
1198 1495 1333 1557 morien-

309 1584 385 1648 dum
408 1588 459 1647 est.
501 1580 564 1646 Sed
578 1584 664 1645 -si
686 1603 749 1663 qua
771 1583 916 1647 extremis
938 1583 1122 1647 miserorum
1145 1585 1223 1647 uotis
1246 1586 1335 1664 apud

309 1672 382 1737 deos
403 1673 451 1736 uis
473 1676 668 1753 astatium
691 1672 758 1752 ipso
771 1672 887 1753 spiritu
907 1673 1056 1754 profusos
1076 1692 1179 1753 preces
1202 1672 1333 1754 aliquod

308 1781 425 1826 numen
446 1760 633 1825 maudit-
647 1760 700 1824 dte
722 1761 847 1842 quidem
869 1766 1023 1842 sospeset
1011 1761 1209 1825 tineolimis
1232 1761 1332 1842 loupe-

309 1872 367 1933 que
397 1870 496 1952 supra
527 1854 638 1914 sortem
664 1850 810 1931 fortunae
841 1870 927 1914 meae
957 1855 987 1914 et
1016 1851 1173 1914 inuidiam
1206 1852 1332 1914 deorum

304 1941 428 2022 positus
453 1940 489 2002 in
515 1938 592 2003 solio
617 1937 694 2021 Gyri
714 1939 884 2022 ploriosam
907 1944 1037 2003 aetatem
1068 1941 1174 2021 eaipat
1199 1960 1334 2021 suaeque

309 2030 434 2093 outrdis
459 2048 576 2093 monor
602 2048 672 2091 eum
699 2030 797 2092 matri
824 2028 986 2109 liberisque
1012 2030 1089 2093 meis
1117 2029 1215 2092 loaum
1246 2031 1334 2110 apud

309 2138 342 2183 se
368 2138 432 2182 esse
454 2118 613 2200 patiatur,
640 2137 729 2198 quem
755 2117 807 2181 ulli
832 2118 899 2199 fide
924 2123 953 2181 et
984 2117 1124 2198 obsequio
1155 2119 1333 2182 meruerint

310 2206 356 2270 At
343 2207 570 2289 tparrioidas
602 2212 782 2287 promptum
819 2207 948 2271 anitium
995 2213 1210 2291 consequatur,
1252 2209 1336 2288 quod

310 2296 490 2360 Alexander
511 2296 676 2379 inropabit,
656 2296 729 2359 tsi
750 2316 814 2360 non
832 2296 1048 2361 misericordia
1071 2296 1297 2378 infelieist
1228 2296 1297 2361 lost
1297 2299 1333 2377 is,

309 2384 419 2449 saltem
442 2386 511 2448 odio
532 2346 719 2488 facinorum,
742 2390 771 2449 et
791 2404 831 2449 ne
854 2386 1038 2466 inpunita
1024 2407 1060 2447 ιιι
1079 2386 1126 2449 ali
1113 2406 1214 2449 uorum
1237 2387 1333 2450 etiam

310 2494 417 2556 rapum
429 2494 595 2625 suumque
622 2475 723 2556 ipsius
750 2474 801 2537 eui
802 2475 881 2537 tium
908 2476 1093 2555 erumpant'
1146 2474 1224 2538 Post
1249 2474 1332 2555 lau,

313 2584 392 2627 aum
405 2564 461 2627 siti
483 2568 654 2666 apparetur,
677 2564 787 2628 adlata
804 2584 864 2644 per
879 2562 1091 2645 Polystratum
1111 2585 1195 2644 aqua
1217 2584 1334 2628 remea

310 2658 376 2718 tus:
401 2652 556 2735 worp,
542 2653 654 2734 mouit,
634 2652 771 2717 t‘lrano
792 2653 923 2717 etiamt
923 2673 966 2716 au
967 2653 1007 2717 tis
967 2652 1192 2717 toalaruitat
1193 2654 1261 2717 ibus
1283 2674 1333 2717 eu-

202 2785 208 2795 ι
310 2746 442 2807 demam
465 2744 604 2806 aeoedere
624 2743 765 2823 oportuit,
787 2747 824 2807 ut
841 2743 913 2806 bene
935 2743 1043 2805 merito
1055 2743 1195 2824 pratiom
1217 2743 1335 2823 referre

310 2851 373 2896 non
391 2832 529 2913 possim:
557 2836 592 2896 at
619 2832 728 2913 referet
754 2830 944 2909 Alexander,
967 2830 1149 2895 Alexandro
1177 2852 1246 2894 aero
1277 2832 1333 2895 di?

312 2920 467 2985 Dentrem
490 2921 602 2985 deinde
609 2922 771 3003 protendit
793 2940 920 3002 eamque
935 2919 1117 2985 Αῑιιιιιᾱιο
1140 2922 1214 3001 fidei
1230 2921 1335 3002 repiae

305 3011 426 3094 pipuus
446 3011 527 3093 ferri
549 3010 657 3074 iubens
680 3010 875 3091 adprehensa
889 3008 1064 3091 Polystrati
1077 3029 1175 3072 manu
1189 3011 1334 3074 animam

311 3100 441 3183 afflavit.
494 3098 676 3163 Alexander
706 3120 783 3162 num
815 3099 953 3179 spiranti
984 3099 1085 3162 adlmo
1114 3100 1333 3181 supervenerit,

312 3188 462 3253 inoermm
486 3194 545 3251 est:
569 3188 650 3252 illud
667 3193 787 3251 oonstat
808 3187 981 3253 miserabili
1003 3188 1085 3269 repis
1107 3187 1335 3269 opulentissimi

313 3279 398 3341 exitu
432 3282 572 3359 conperto
596 3278 758 3358 plurumas
787 3276 936 3342 laorimas
961 3277 1142 3358 profudisse
1170 3279 1335 3357 statimque

313 3366 473 3449 oldampde
500 3367 563 3432 sili
587 3368 723 3431 detraeta
752 3386 863 3447 eorpus
892 3367 1047 3448 operuisse
1073 3371 1100 3429 et
1127 3387 1241 3448 mapno
1265 3388 1334 3430 oum

313 3456 426 3520 nonore
449 3457 493 3519 ad
508 3475 581 3520 suos
604 3456 720 3537 deferri
742 3456 876 3532 iussisse,
899 3460 935 3519 ut
952 3456 1034 3536 nepio
1054 3454 1228 3519 Persarum
1251 3476 1335 3519 moro

313 3550 456 3609 auratum
470 3624 474 3630 .
488 3545 695 3609 monummtis
731 3546 889 3609 maiorum
925 3545 1101 3626 inferretur.
1158 3543 1333 3626 Perfidiam

313 3634 483 3716 Ιιοιιιιιιιι,
506 3657 526 3697 α
549 3634 660 3715 anulus
677 3656 738 3715 pro
760 3634 893 3698 summis
915 3634 1069 3715 benefieiis
1086 3634 1335 3698 orudelissimnm

313 3724 445 3788 eutitium
467 3722 595 3788 Dareus
614 3723 755 3804 pertulit,
783 3744 974 3804 quamquam
996 3728 1104 3803 suopte
1126 3728 1244 3786 natura
1267 3725 1335 3788 lior-

312 3814 444 3877 rendam
478 3818 506 3877 et
533 3812 746 3895 eueorrdilem
781 3813 951 3894 insipniore
979 3812 1023 3875 ad
1048 3813 1258 3892 posteritatem
1287 3815 1335 3876 in·
