3150 4459
298 435 362 499 142
675 434 707 499 Q.
726 433 837 490 GURTI
855 435 941 490 RUFI

295 602 381 686 regis
406 600 508 664 salute
531 599 571 663 ad
595 620 660 682 eos,
683 599 801 682 quibus
824 604 980 682 praeerat,
1004 599 1101 664 rediit
1125 600 1235 663 omnia
1257 622 1317 683 pro

296 689 359 753 fide
382 688 521 773 experiri
542 692 684 774 paratus.

230 780 282 835 XII
362 777 408 842 At
431 776 550 843 Bessus
574 778 740 842 occidendi
766 779 914 860 protinus
937 779 1024 862 regis
1047 779 1205 862 impetum
1229 800 1319 862 cepe
1334 788 1374 842 82

294 871 358 932 rat:
382 868 438 931 sed
459 868 591 950 veritus,
613 888 655 930 ne
672 869 811 952 gratimn
824 865 1010 951 Alexandri,
1032 869 1096 931 nisi
1115 867 1224 931 vivum
1244 890 1318 932 sum

294 956 488 1041 tradidisset,
507 956 589 1021 inire
606 978 674 1020 non
693 961 813 1040 posset,
832 956 932 1021 dilato
948 958 981 1020 in
995 957 1175 1040 proximam
1189 962 1319 1022 noctem
1348 986 1361 1027 s

294 1046 422 1111 sceleris
446 1046 582 1111 consilio
606 1067 700 1131 agere
724 1045 846 1131 gratias
870 1046 994 1129 incipit,
1018 1045 1105 1130 quod
1127 1046 1244 1130 perfidi
1261 1046 1319 1111 ho

294 1135 391 1200 minis
414 1135 548 1201 insidias
571 1134 636 1199 iam
650 1133 826 1199 Alexandri
851 1156 929 1219 opes
949 1136 1125 1219 spectantis
1143 1136 1318 1219 prudenter

294 1228 451 1308 cauteque
483 1224 630 1288 vitasset:
665 1224 785 1288 donum
818 1245 891 1288 eum
922 1224 1012 1289 hosti
1042 1226 1185 1289 laturum
1217 1225 1318 1289 fuisse

258 1315 380 1401 arogis
403 1317 510 1399 caput.
547 1311 617 1377 Nec
639 1313 750 1377 mirari
771 1312 937 1378 hominem
959 1315 1103 1379 mercede
1123 1315 1318 1378 conductum

294 1404 403 1467 omnia
420 1403 539 1467 habere
557 1403 695 1467 venalia:
719 1403 788 1467 sine
806 1403 952 1487 pignore,
975 1403 1045 1467 sine
1062 1405 1138 1486 lare,
1158 1407 1318 1467 terrarum
1334 1434 1361 1473 10

294 1492 381 1557 orbis
410 1494 550 1576 exulem,
579 1492 754 1576 ancipitem
782 1490 910 1557 hostem
940 1492 980 1555 ad
1007 1496 1124 1557 nutum
1150 1493 1317 1557 iicentium

257 1581 500 1647 scircumferri.
538 1579 696 1665 Purganti
720 1580 833 1644 deinde
857 1604 890 1645 se
914 1580 1056 1665 deosque
1079 1583 1201 1665 patrios
1219 1586 1319 1646 testes

293 1671 369 1735 fidei
397 1693 473 1735 suae
500 1670 664 1734 invocanti
689 1668 812 1734 Dareus
835 1672 929 1734 vultu
953 1670 1203 1754 adsentiebatur,
1230 1672 1318 1736 haud

294 1759 421 1843 dubius,
445 1759 524 1844 quin
547 1781 622 1824 vera
646 1759 848 1822 deferrentur
871 1782 890 1823 a
909 1758 1052 1824 Graecis:
1076 1761 1133 1825 sed
1154 1782 1191 1824 eo
1211 1783 1318 1825 rerum

292 1853 424 1914 ventum
456 1853 538 1930 erat,
571 1852 608 1912 ut
639 1853 708 1912 tam
739 1848 959 1933 periculosum
987 1853 1071 1914 esset
1100 1871 1166 1914 non
1190 1850 1317 1915 credere
1333 1879 1360 1921 rs

256 1956 272 2003 4
293 1940 360 2004 suis
384 1960 480 2022 quam
505 1938 618 2023 decipi.
664 1954 737 2001 xxx
760 1938 851 2003 milia
874 1941 976 2020 erant,
1002 1960 1139 2022 quorum
1162 1938 1317 2005 inclinata

292 2029 327 2092 in
350 2030 453 2093 scelus
475 2027 591 2092 levitas
613 2026 800 2110 timebatur,
829 2044 882 2091 1111
905 2027 996 2091 milia
1019 2026 1140 2092 Patron
1162 2028 1317 2093 habebat:

294 2117 412 2200 quibus
431 2116 459 2180 si
479 2116 667 2182 credidisset
686 2118 823 2181 salutem
841 2138 931 2180 suam
946 2116 1097 2181 damnata
1110 2118 1317 2202 popularium

292 2206 369 2290 fide,
401 2206 574 2291 parricidio
607 2205 846 2271 exeusationem
878 2205 1010 2270 videbat
1039 2207 1156 2271 offerri.
1201 2205 1317 2291 Itaque

256 2314 271 2361 o
291 2295 504 2380 praeoptabat
528 2294 677 2359 inmerito
702 2315 799 2378 quam
823 2295 892 2359 iure
915 2294 1039 2360 violari.
1085 2296 1184 2361 Besso
1208 2300 1317 2360 tamen
1332 2326 1359 2366 rc

291 2384 482 2449 insidiarum
501 2384 672 2448 consilium
692 2384 846 2469 purganti
864 2384 1040 2468 respondit,
1058 2382 1235 2449 Alexandri
1255 2385 1317 2450 sibi

291 2495 358 2540 non
391 2474 496 2537 minus
528 2473 687 2538 iustitiam
718 2496 815 2558 quam
838 2474 991 2539 virtutem
1014 2495 1083 2538 esse
1106 2479 1316 2558 perspectam.
1366 2535 1368 2540 .

291 2561 376 2629 Falli
399 2584 468 2647 eos,
500 2563 556 2647 qui
583 2562 780 2647 proditionis
804 2562 844 2625 ab
870 2583 907 2627 eo
930 2565 1108 2646 praemium
1133 2568 1316 2648 expectent:

290 2653 429 2717 violatae
462 2652 537 2716 fidei
569 2652 730 2718 neminem
762 2652 919 2717 acriorem
950 2652 1021 2715 fore
1048 2653 1208 2728 vindicem
1233 2655 1317 2717 ulto·

255 2760 431 2827 aramque.
483 2740 617 2824 Iamque
650 2762 717 2805 nox
748 2740 934 2825 adpetebat,
971 2763 1045 2806 oum
1077 2740 1194 2806 Persae
1226 2763 1316 2807 more
1331 2772 1357 2812 ss

291 2833 387 2897 solito
420 2832 518 2896 armis
550 2829 667 2915 positis
705 2830 747 2894 ad
777 2831 960 2895 necessaria
991 2851 1031 2895 ex
1061 2832 1210 2915 proximo
1244 2834 1315 2896 vico

291 2920 423 2987 ferenda
441 2920 633 2985 discurrrmt.
666 2918 712 2983 At
725 2917 900 3003 Bactriani,
918 2923 955 2984 ut
973 2919 1167 3004 imperatum
1182 2944 1201 2983 a
1215 2920 1315 2986 Besso

258 3014 376 3092 terat,
408 3008 525 3075 armati
555 3009 692 3073 stabant
737 3006 827 3073 Inter
858 3008 938 3074 haec
969 3008 1094 3074 Dareus
1117 3008 1315 3075 Artabazum
1330 3017 1369 3072 33

291 3098 388 3163 acciri
411 3098 511 3181 iubet,
534 3097 764 3182 expositisque,
787 3120 870 3182 quae
893 3095 1015 3162 Patron
1039 3099 1205 3183 detulerat,
1228 3099 1316 3163 haud

363 3256 533 3328 rexperiri]
557 3255 683 3324 experire
701 3260 733 3308 V.
830 3256 920 3339 tAt]
943 3257 989 3309 Ad
1011 3262 1092 3310 LPV.
1133 3327 1139 3339 ο
1189 3257 1314 3327 ceperat]

290 3330 424 3454 feriit*
441 3332 525 3453 ”db
546 3399 590 3470 a]
608 3326 834 3467 {stiffi
842 3327 978 3470 itta*
986 3334 1097 3453 issum
1112 3327 1201 3451 pso
1209 3333 1246 3453 1¹2²
1262 3328 1315 3452 ts:

291 3470 434 3541 eumferri]
455 3417 603 3525 circuinfer
620 3476 651 3523 V.
733 3469 872 3541 Purganti
890 3471 1057 3526 Proiectus:
1080 3441 1260 3539 arguentia,

291 3542 412 3625 patrios]
425 3541 534 3611 patrias
548 3547 578 3595 V.
645 3546 677 3594 13
692 3541 850 3612 invocanti]
864 3541 991 3596 inuocati
1002 3548 1023 3594 P
1036 3560 1070 3595 m.
1081 3560 1126 3610 pr.
1184 3547 1218 3595 14
1233 3542 1302 3609 quin

291 3632 321 3667 1n
340 3619 370 3666 v.
459 3618 492 3666 16
512 3613 608 3683 quarn]
629 3630 682 3667 eon
699 3618 729 3667 V.
818 3618 851 3667 17
871 3612 1046 3668 Patronem.
1066 3620 1091 3666 c.
1175 3612 1302 3667 habebat

292 3684 397 3739 abebat
415 3690 445 3737 V.
528 3690 561 3737 22
581 3686 758 3754 perspectam
773 3689 799 3737 1:
818 3684 975 3753 perfectam
988 3690 1019 3751 Δ,
1038 3686 1101 3739 iac
1121 3685 1185 3738 add.
1201 3702 1269 3740 corr.
1283 3686 1316 3739 in

291 3757 416 3826 marpiac
429 3758 614 3825 perspectam.
679 3760 713 3809 28
733 3756 805 3827 erat]
825 3757 906 3809 erant
924 3762 948 3808 c.
1014 3756 1199 3827 Artabazum]
1221 3757 1317 3810 artha-

289 3828 390 3881 basum
410 3832 438 3880 Ρ,
514 3832 547 3880 29
566 3827 657 3897 haud]
676 3826 732 3880 aud
750 3833 779 3892 L,
799 3829 850 3880 aut
868 3833 898 3880 V.
