3150 4459
301 434 365 498 152
678 431 709 497 Q.
729 431 839 487 OURTI
856 432 944 487 RUFI

299 596 446 661 momenti
468 600 568 662 motus
589 596 682 661 istias
699 595 864 661 inclinatio
885 599 996 679 fatara
1018 600 1106 662 esset:
1130 616 1330 678 qnamqnam

294 691 403 767 postea
426 690 544 768 accepto
567 685 715 751 cicaniae
736 688 847 750 nantia
871 706 940 750 cnm
958 687 1025 750 sais
1047 685 1137 749 retas
1160 684 1258 749 ittam
1283 686 1330 750 di·

300 776 497 840 micationem
524 794 701 857 conparans
727 776 867 840 mariam
894 796 963 839 earn
986 795 1128 856 pappam
1149 774 1254 855 faisse
1279 795 1329 839 ca

300 863 427 929 oittatns
453 868 505 928 est.
554 862 693 929 Ceterum
716 866 883 947 principia
909 864 975 928 eins
1006 862 1076 927 betti
1102 862 1191 927 hand
1217 865 1329 947 inpro-

300 973 392 1036 spera
410 952 667 1018 Lacedaemoniis
687 954 782 1035 snere.
829 952 927 1017 Incia
949 951 1151 1035 Oorrtapam,
1175 952 1330 1017 Macedo

300 1044 374 1107 nim
397 1041 564 1121 castettam,
586 1062 657 1107 cam
670 1041 838 1124 Antipatri
856 1042 1010 1106 mitititns
1029 1042 1182 1123 mnpressi
1196 1043 1330 1107 uictores

300 1133 485 1197 entiterant:
517 1135 546 1195 et
575 1132 623 1196 rei
649 1131 723 1196 bene
745 1135 849 1213 pastae
878 1134 969 1213 sarna
1001 1134 1107 1210 etiam,
1137 1131 1193 1211 qni
1220 1131 1331 1195 datiis

301 1221 453 1286 mentibus
468 1222 630 1301 fomanam
644 1224 863 1301 spectaverant,
881 1222 1020 1285 societati
1037 1240 1141 1285 eornm
1155 1239 1187 1283 se
1211 1220 1330 1285 odiam

299 1314 420 1374 nerant.
458 1309 530 1375 Una
548 1330 585 1374 en
608 1308 697 1373 Eleis
711 1308 910 1391 Actaeisqae
922 1309 1051 1374 orbitas
1070 1307 1195 1374 Pettene
1217 1310 1330 1387 foedas

300 1398 528 1482 aspernabatur
546 1403 576 1463 et
596 1400 632 1462 in
654 1397 798 1463 Arcadia
812 1398 1028 1481 Mepatopotis,
1050 1400 1118 1482 fida
1140 1397 1330 1463 Macedoni

301 1488 357 1552 bas
373 1491 503 1569 propter
521 1486 669 1569 Ptitippi
691 1489 884 1570 memoriam,
907 1509 928 1552 a
946 1509 1005 1569 qno
1024 1488 1179 1569 beneficiis
1202 1487 1330 1569 adfecta

298 1579 412 1660 fnerat.
468 1575 531 1641 Sed
565 1576 641 1641 iaec
676 1578 878 1642 circumsessa
915 1597 978 1641 non
1015 1578 1146 1641 mattam
1183 1597 1205 1639 a
1242 1577 1330 1641 dedi-

301 1668 381 1731 tiam
404 1666 518 1744 aberat,
541 1665 607 1730 nisi
629 1666 754 1731 tandem
767 1665 938 1748 Antipater
960 1666 1154 1731 snbrenisset.
1187 1664 1224 1729 Is
1245 1671 1330 1746 past

300 1776 396 1837 qaam
420 1758 524 1819 casira
546 1756 659 1820 castis
681 1755 813 1819 contulit
832 1775 922 1837 scone
939 1775 1068 1819 namara
1087 1754 1224 1819 militnm
1248 1754 1329 1819 atio·

300 1865 358 1927 qne
384 1849 546 1927 apparata
572 1846 762 1925 superiorem
793 1846 962 1926 conspexit,
995 1865 1090 1925 qnam
1114 1845 1260 1927 primam
1291 1845 1331 1909 de

300 1954 426 1999 mmma
447 1954 553 1999 rernm
569 1931 691 2014 praetio
714 1934 891 1998 contendere
908 1935 1034 1998 statait:
1057 1954 1153 2016 nepae
1171 1932 1330 1997 Lacedae-

302 2024 402 2087 monii
429 2024 628 2087 detrectavere
658 2027 818 2087 certarnen.
865 2022 920 2086 Ita
942 2023 1107 2086 commissa
1131 2027 1180 2088 est
1204 2042 1328 2104 pnpna,

302 2133 381 2194 qaae
402 2132 468 2176 reon
487 2110 682 2193 Spartanam
700 2114 853 2177 maiorem
871 2113 907 2176 in
921 2113 1048 2176 modam
1071 2112 1206 2194 addicit.
1246 2109 1328 2176 Cam

301 2201 384 2266 enim
413 2199 568 2283 anpnstiis
590 2200 738 2279 laceram,
765 2203 802 2265 in
827 2202 938 2282 qnitas
963 2201 1180 2283 papnabatar‚
1207 2201 1329 2283 confisi,

300 2290 356 2354 aa
377 2291 458 2355 hasti
479 2289 602 2353 nnllam
631 2289 843 2355 multitudinis
866 2310 959 2354 asam
983 2291 1128 2372 fntnram
1156 2288 1329 2367 credebant⁷

298 2380 470 2461 fortissime
492 2380 646 2460 conpressi
663 2385 770 2463 essent,
793 2400 831 2443 ac
848 2379 1037 2444 Macedones
1056 2379 1258 2460 inpipcrrimc
1279 2399 1330 2442 re·

301 2468 457 2547 sisterent,
487 2468 619 2533 mattam
648 2469 815 2551 sanpninis
839 2469 948 2550 sasarn
976 2474 1027 2533 est.
1074 2467 1136 2532 Sed
1157 2472 1330 2549 postqaam

302 2557 472 2639 Antipater
501 2558 655 2640 intepram
685 2558 815 2622 sirbinde
842 2578 973 2622 manain
1009 2556 1223 2621 laborantibus
1259 2558 1330 2621 sais

301 2647 440 2713 sntsidio
463 2646 562 2729 misit,
593 2647 722 2728 inpntsa
746 2648 1061 2711 Lacedaemoniorum
1085 2647 1167 2711 acies
1190 2647 1329 2729 pradum

296 2736 463 2819 paaiisper
489 2736 602 2801 retatit.
659 2736 748 2816 Qnod
777 2736 972 2817 conspicatae
998 2735 1080 2817 Apis
1113 2756 1182 2800 eam
1210 2736 1329 2799 cohorte

277 2827 403 2908 Irepia,
433 2846 512 2908 qaae
539 2846 577 2889 en
592 2825 777 2907 fortissimis
800 2825 969 2906 constabat,
997 2845 1030 2889 se
1052 2826 1087 2887 in
1110 2825 1248 2889 mediam
1271 2830 1362 2908 pu-1

303 2937 386 3000 gnae
410 2913 583 2981 discrimen
608 2914 734 2978 inmisit
756 2914 1037 2998 obtruncatisque‚
1065 2914 1121 2997 qui
1144 2913 1328 2997 promptius

266 3004 506 3089 nresistebant,
528 3025 679 3089 magnam
703 3006 829 3087 purtem
853 3002 996 3068 hostium
1020 3004 1174 3086 propulit.
1209 3001 1329 3085 Coepe-

302 3097 377 3157 rant
407 3094 520 3178 fugere
547 3092 687 3157 victores
720 3098 761 3176 et,
794 3092 894 3156 donec
927 3092 1053 3155 avidius
1091 3095 1260 3176 sequentes
1293 3093 1328 3154 in

303 3184 437 3265 planum
453 3182 620 3263 deduxere,
643 3181 740 3246 inulti
757 3181 926 3246 cadebant:
951 3180 1007 3245 sed
1021 3184 1058 3245 ut
1071 3180 1212 3264 primum
1226 3182 1327 3265 locus,
1343 3206 1356 3246 ⁵

304 3273 338 3335 in
369 3292 434 3355 quo
465 3274 549 3335 stare
580 3274 728 3354 possent,
751 3271 827 3350 fuit,
857 3270 967 3354 aequis
991 3269 1115 3335 viribus
1139 3270 1328 3334 dimicatum

269 3364 362 3423 sest.
408 3358 498 3424 Inter
521 3381 632 3425 omnes
655 3364 763 3425 tamen
782 3359 1054 3425 Lacedaemonios
1078 3381 1134 3423 rex
1158 3359 1331 3441 eminebat,

304 3471 371 3513 non
408 3470 571 3513 armornm
607 3450 703 3514 modo
735 3453 767 3514 et
805 3448 949 3533 comonis
982 3449 1101 3532 specie,
1139 3448 1194 3512 sed
1231 3448 1328 3512 etiam

268 3555 285 3601 4
304 3538 527 3623 magnitudine
550 3537 659 3622 animi,
682 3560 747 3623 quo
761 3560 827 3604 uno
846 3538 932 3602 vinci
945 3559 1011 3603 non
1024 3538 1141 3621 potuit.
1178 3536 1332 3621 Undique

377 3754 392 3801 3
412 3748 547 3821 hostium]
567 3749 671 3803 ostium
689 3754 717 3803 L.
791 3754 808 3802 4
827 3754 857 3802 et
875 3748 964 3803 donec
983 3749 1112 3803 Medias:
1135 3748 1223 3801 donec
1242 3752 1273 3801 Δ.

305 3819 428 3892 avidius]
448 3820 549 3874 auidus
568 3826 637 3876 rm.
648 3838 694 3890 pr.
751 3825 765 3873 '1
786 3819 1035 3892 Lacedaemonios]
1055 3818 1282 3874 lacaedemonios
1301 3825 1328 3872 Ρ.

197 4117 316 4146 Μαίη-ι.
