3150 4459
576 1140 623 1239 Q.
649 1139 841 1222 OURTI
864 1139 1016 1221 RUFI

656 1337 935 1399 HISTORIARUM

376 1532 890 1631 ALEXANDRI
931 1534 1214 1631 MAGNI

668 1743 925 1810 unonnoms

705 1957 814 2010 LIBER
831 1957 890 2013 ΠΗ.

185 2169 187 2188 ·
229 2091 241 2145 ¹
364 2138 493 2225 Dareus
516 2139 599 2205 tanti
617 2139 714 2205 modo
730 2140 893 2205 exercitus
910 2164 982 2223 rex,
1007 2140 1062 2224 qui
1081 2140 1337 2225 triumphantisl

194 2235 196 2241 ’
251 2212 396 2313 nlQgis
426 2252 524 2314 qnam
553 2228 736 2294 dimicantis
768 2251 858 2294 more
891 2251 985 2295 curru
1016 2231 1165 2295 sublimis
1194 2230 1311 2294 inierat

211 2355 215 2361 -
248 2301 465 2402 Proelium,
494 2341 551 2402 per
578 2320 662 2400 loca,
701 2340 781 2404 quae
811 2342 911 2404 prope
944 2319 1097 2384 inmensis
1130 2318 1311 2405 agminibus

244 2390 481 2520 &fleverat
499 2408 564 2472 iam
584 2408 693 2479 inania
712 2414 744 2473 et
763 2408 888 2497 ingenti
908 2409 1082 2473 solitudine
1101 2415 1192 2473 vasta
1211 2409 1311 2494 fugie-

221 2476 231 2516 ⁶
270 2490 362 2561 ‘it
404 2498 504 2563 Pauci
523 2519 632 2583 regem
651 2498 880 2588 sequebantur:
899 2520 974 2562 nam
994 2521 1053 2564 nec
1072 2499 1181 2563 eodem
1203 2511 1347 2562 omnesu

243 2546 405 2671 fugam
426 2586 631 2651 intenderant
649 2597 682 2657 et
696 2588 919 2657 deficientibus
939 2588 1029 2671 equis
1046 2610 1174 2652 cursum
1194 2609 1313 2668 eorum,

245 2657 379 2739 ‘filos
414 2699 470 2741 rex
507 2676 643 2741 subinde
682 2680 838 2764 mutabat,
876 2700 1011 2761 aequare
1052 2700 1118 2741 non
1156 2681 1313 2760 poterant.

188 2757 191 2770 '
248 2723 424 2830 thhas
449 2765 562 2830 deinde
584 2772 740 2853 pervenit,
763 2769 820 2833 nbi
844 2789 995 2850 excepere
1022 2789 1095 2830 eum
1120 2765 1314 2831 Graecorum
1334 2778 1349 2826 3

185 2855 186 2862 ’
254 2837 453 2920 Quattuor
475 2854 578 2920 milia:
601 2877 667 2924 non
686 2858 816 2946 segnius
838 2861 945 2920 tamen
969 2856 1010 2920 ad
1028 2855 1218 2939 Euphraten
1242 2876 1315 2919 con-

230 2909 415 3029 mk'Qndin
443 2945 476 3009 id
500 2944 628 3009 demum
652 2949 783 3017 credens
807 2949 875 3012 fore
899 2945 1016 3030 ipsine,
1045 2946 1131 3029 quod
1155 2944 1317 3008 celeritate

268 3024 481 3119 Dlaecipere
504 3035 670 3118 potuisset.
1295 3096 1299 3110 .

366 3123 412 3189 At
438 3123 621 3191 Alexander
647 3127 905 3208 Parmenionem,
933 3148 990 3209 per
1022 3147 1116 3208 quem
1146 3123 1231 3208 apud
1256 3122 1352 3186 Dar

294 3219 442 3279 llrascum
471 3216 601 3298 recepta
632 3222 701 3283 erat
733 3216 859 3301 praeda,
891 3216 1014 3280 iussum
1048 3237 1118 3278 eam
1151 3213 1253 3297 ipsam
1287 3214 1319 3275 et

300 3304 445 3389 captivos
478 3302 627 3389 diligenti
659 3308 826 3372 adservare
864 3303 1023 3386 custodia,
1060 3301 1184 3388 Syriae,
1222 3324 1319 3387 quam

271 3398 292 3444 ¹⁵
307 3389 421 3459 Coelen
444 3396 570 3478 vocant,
593 3397 755 3480 praefecit.
801 3395 933 3462 Novum
953 3394 1123 3479 imperium
1145 3391 1218 3475 Syri
1242 3404 1354 3455 non-5

373 3594 387 3641 1
408 3587 621 3660 triumphantis]
646 3590 820 3644 triumfantis
839 3595 892 3642 BI..
985 3594 1000 3641 6
1020 3586 1210 3657 intenderant]
1229 3585 1320 3639 inten-

303 3661 382 3715 derat
400 3665 431 3713 V.
486 3663 619 3715 etom.L
639 3680 671 3716 m.
687 3667 803 3731 perv.
860 3660 997 3714 8deinde
1017 3665 1047 3711 P:
1068 3658 1134 3713 dein
1149 3665 1174 3710 c.
1231 3662 1320 3708 9non

300 3731 416 3804 segnius
429 3732 524 3785 tamen
540 3733 661 3803 Impius:
676 3733 733 3787 iam
748 3734 843 3802 regius
857 3734 919 3787 tum
932 3737 963 3785 Δ.
1025 3736 1058 3783 14
1074 3729 1183 3800 Syriae]
1197 3728 1280 3781 siriae
1296 3733 1320 3779 c.

235 3863 238 3872 ,
301 3812 334 3860 15
355 3801 471 3875 Coelen]
491 3803 572 3859 colen
590 3809 610 3858 B
629 3824 663 3860 m.
674 3824 729 3879 pr„
749 3806 847 3862 caelen
867 3811 886 3858 P
904 3821 941 3861 ro.
955 3820 1010 3876 pr,
1027 3801 1129 3859 coelun
1141 3806 1180 3855 ¹1.
