3150 4459
468 442 721 498 HISTORlARUM
739 443 955 498 ALEXANDRI
972 444 1006 512 V,
1027 450 1069 498 10.
1087 449 1128 498 11.
1246 446 1307 507 141

285 608 437 673 invictam
462 629 519 671 oro
544 612 576 671 01
599 607 757 691 01100101,
781 610 816 673 in
839 608 961 671 nostris
985 609 1099 672 castris
1123 607 1183 672 tibi
1206 607 1310 672 taber-

284 699 436 761 naculum
458 700 577 761 statue:
601 718 660 761 nos
680 698 824 780 corporis
844 700 858 761 t
884 697 902 796 ‘,
912 696 1058 761 custodes
1078 718 1148 761 esse
1166 696 1309 781 patiaris.

286 784 462 851 Omisimus
495 784 676 869 Graeciam,
715 789 805 851 nulla
837 782 892 849 B'
935 807 955 848 a
987 789 1066 850 sunt
1094 786 1202 870 nobis,
1235 808 1308 870 spes

286 876 392 939 omnis
425 876 459 939 in
491 878 537 939 te:
569 876 694 940 utinam
725 876 824 939 etiam
848 876 961 939 ceteris
985 879 1077 940 essct.
1123 874 1222 940 Plura
1245 875 1310 940 dici
1330 883 1352 911 ‘²

259 986 353 1031 cnon
376 965 502 1028 attinet,
550 962 738 1030 Custodiam
762 963 908 1049 corporis
932 965 981 1028 tni
1005 968 1155 1029 extamus
1180 968 1213 1029 et
1235 966 1310 1029 alie-

285 1056 404 1138 nigena
442 1075 509 1117 non
549 1052 768 1137 deposcerem,
806 1054 834 1117 si
872 1053 1033 1118 crederem
1074 1053 1173 1118 alium
1215 1075 1310 1137 posse
1398 1053 1399 1056 ’

232 1150 269 1205 cl
285 1142 468 1227 praestare?
522 1142 641 1207 Bessus
675 1165 871 1227 quamquam
904 1145 973 1207 erat
1006 1141 1119 1207 Graeci
1153 1144 1345 1207 sermonis?

286 1233 427 1318 ignarus,
445 1235 552 1295 tamen
573 1233 759 1297 stimulante
778 1231 1149 1298 conscientia->indicium
1162 1232 1310 1316 profecto

286 1321 460 1385 Patronem
484 1321 637 1386 detulisse
661 1322 823 1387 credebat:
848 1325 881 1386 et
903 1322 1096 1405 interpretes
1120 1324 1223 1386 celato
1248 1324 1385 1453 ser-,72¹

245 1438 272 1478 10
286 1432 381 1474 mone
406 1409 520 1475 Graeci
552 1416 702 1495 exempta
734 1411 895 1476 dubitatio
928 1414 985 1475 001.
1035 1410 1161 1476 Dareus
1194 1414 1310 1493 autem,

287 1504 443 1583 quantum
468 1522 507 1563 ex
529 1502 621 1564 voltu
644 1500 772 1583 concipi
795 1504 936 1583 poterat,
968 1499 1055 1564 haud
1079 1521 1155 1565 sane
1178 1500 1310 1564 territus

285 1588 469 1673 percontari
479 1588 620 1653 Patrona
635 1611 763 1655 causam
778 1590 916 1671 consilii,
930 1590 1018 1672 quod
1031 1590 1181 1672 adferret,
1195 1588 1310 1673 coepit.

286 1676 346 1742 Ille
369 1700 435 1742 non
459 1681 553 1742 ultra*
568 1678 780 1743 differendum
803 1683 907 1744 ratus:
940 1678 1092 1762 εΒο00110’,
1122 1678 1238 1763 inquit,
1268 1680 1348 1751 ‘eta

286 1766 491 1831 Nabarzanes
523 1768 719 1832 insidiantur
749 1768 825 1849 tibi,
857 1768 891 1832 in
923 1769 1039 1832 ultimo
1069 1768 1254 1833 discrimine
1278 1789 1312 1832 es

247 1882 272 1923 rs
286 1857 436 1920 fortunae
459 1859 534 1920 tuae
558 1861 590 1921 et
612 1857 708 1940 vitae,
731 1857 785 1921 hic
809 1857 875 1923 dies
900 1860 955 1921 aut
978 1857 1150 1941 parricidis
1174 1860 1230 1921 aut
1250 1856 1312 1921 tibi
1332 1872 1348 1920 9

286 1946 415 2011 futurus
439 1947 595 2010 ultimus?
637 1946 682 2011 Et
701 1946 827 2030 Patron
846 1945 924 2030 quid
943 1969 976 2009 m
1000 1946 1163 2032 egregiam
1188 1967 1312 2011 conser-

287 2035 353 2098 vati
377 2036 463 2121 regis
488 2035 625 2120 gloriam
644 2037 784 2128 tulerat·=
802 2014 924 2126 „Elu‘d”
970 2036 1066 2099 fidem
1085 2035 1171 2121 licet,
1194 2036 1312 2119 quibus
1350 2052 1366 2100 0

287 2124 371 2189 forte
400 2129 521 2188 temere
547 2124 688 2188 humana
714 2121 847 2210 degetia
874 2124 962 2189 volvi
986 2125 1102 2210 agique
1125 2143 1313 2209 persuasum
1353 2052 1399 2242 *ff

288 2217 337 2276 est
368 2197 498 2284 nexutb'
525 2235 695 2278 causarum
726 2215 898 2279 latentium
932 2218 964 2277 01
992 2217 1095 2279 multo
1120 2218 1194 2278 ante
1218 2215 1313 2278 desti-

246 2305 436 2369 sanctarum
465 2324 559 2367 suum
589 2324 749 2387 quemque
773 2305 918 2369 ordinem
941 2304 1127 2369 inmutabili
1148 2306 1221 2389 lege
1244 2326 1314 2388 per-

288 2413 429 2455 currere:
462 2391 586 2456 Dareus
606 2397 692 2456 certe
714 2392 890 2476 respondit,
914 2414 1110 2477 quamquam
1134 2393 1197 2458 sibi
1217 2390 1313 2458 Grae·
1334 2410 1365 2455 11

289 2503 400 2546 corum
423 2482 565 2545 militum
588 2481 667 2547 fides
691 2485 769 2546 nota
797 2483 853 2566 sit,
883 2504 1058 2566 numquam
1084 2486 1191 2547 tamen
1214 2505 1233 2546 a
1256 2504 1313 2567 po-

288 2570 456 2653 pularibus
490 2571 557 2634 suis
590 2592 800 2636 recessurum.
847 2570 1022 2635 Difficilius
1048 2571 1111 2637 sibi
1134 2593 1204 2638 esse
1228 2571 1313 2635 dam·

288 2681 364 2723 nare
388 2682 485 2743 quam
510 2660 622 2745 decipi.
669 2659 834 2744 Quidquid
861 2660 928 2726 fors
952 2662 1093 2746 tulisset,
1124 2662 1209 2725 inter
1237 2682 1313 2724 suos

246 2775 274 2815 ac
288 2749 414 2832 perpeti
439 2752 535 2813 malle
564 2770 661 2831 quam
689 2751 892 2835 transfugam
914 2750 993 2815 fieri.
1040 2748 1118 2816 Sero
1142 2772 1176 2813 se
1200 2750 1313 2835 perire,

290 2838 318 2901 si
351 2840 475 2903 salvum
510 2860 579 2902 sese
602 2839 723 2903 milites
747 2840 797 2905 sui
820 2842 953 2904 nollent.
999 2838 1121 2904 Patron
1144 2839 1313 2923 desperata
1334 2855 1366 2902 12

364 2986 377 3029 1
398 2978 535 3048 obtestor]
555 2980 681 3047 optestor
699 2983 780 3033 BLV.
873 2984 888 3031 3
909 2978 1068 3049 Graeciam]
1092 2978 1214 3047 gretiam
1233 2984 1311 3031 PLP.

290 3056 307 3101 4
318 3049 420 3120 omnis]
432 3065 528 3103 omnes
538 3055 566 3102 P.
623 3049 709 3103 etiam
719 3051 850 3105 Fossae:
866 3053 895 3105 01
904 3050 933 3103 in
944 3056 974 3104 A.
1032 3056 1046 3104 ‘1
1059 3050 1170 3121 Graeci]
1180 3049 1271 3119 grecis
1281 3056 1312 3103 v.

291 3126 306 3172 9
326 3121 493 3189 interpretes
513 3120 604 3175 celato
619 3122 740 3189 Ieepius:
759 3122 923 3191 interpretis
937 3121 1027 3175 relato
1042 3127 1072 3173 Δ.
1148 3127 1181 3175 10
1201 3120 1312 3192 Graeci]

291 3208 410 3260 graecae
428 3198 458 3246 P.
522 3197 553 3244 11
574 3192 664 3263 haud]
684 3196 733 3246 aut
747 3198 775 3247 P.
846 3199 879 3246 12
899 3193 1033 3264 Patrona]
1052 3195 1173 3263 partone
1187 3198 1207 3244 P
1221 3211 1255 3245 01.
1266 3211 1311 3263 pr.

263 3312 266 3317 .
292 3269 325 3315 14
344 3264 534 3335 Nabarzanes]
553 3264 712 3317 nabazanes
731 3269 836 3317 BPLP.
906 3282 935 3318 es
953 3265 1084 3319 fortunae
1103 3265 1263 3319 Acidaliae:
1284 3265 1314 3318 et

289 3334 420 3388 fortunae
439 3340 469 3387 Δ.
536 3341 569 3388 15
589 3337 639 3389 aut
658 3335 821 3406 parricidis]
845 3335 922 3390 haud
941 3336 1089 3405 parricidis
1104 3341 1132 3402 P,
1152 3336 1209 3389 aud
1222 3335 1313 3405 parri-

292 3406 362 3459 cidis
377 3412 397 3458 1.
411 3424 445 3460 m.
456 3424 502 3475 pr.
574 3413 606 3459 17
627 3406 765 3477 Eludant]
780 3408 888 3461 crudan
902 3414 932 3461 v.
1001 3407 1085 3460 fidem
1103 3406 1172 3461 licat
1191 3408 1311 3475 Icepius:

290 3477 426 3531 uidelicet
435 3483 465 3531 A.
523 3484 555 3531 19
570 3494 678 3532 nexuve
688 3480 810 3548 Ieepius:
826 3495 955 3546 nexuque
965 3485 995 3531 Δ.
1051 3481 1081 3532 01
1094 3484 1119 3532 1:
1131 3494 1165 3533 ox
1179 3484 1209 3532 A.
1225 3480 1313 3532 desti-

290 3552 421 3602 natarum
440 3555 466 3602 I:
492 3549 692 3603 distinctarum
710 3556 757 3602 PP
775 3568 810 3604 m.
826 3568 881 3619 pr,
905 3550 1106 3604 distinctorum
1125 3555 1145 3602 B
1164 3567 1198 3603 m.
1216 3568 1259 3617 pr.
1277 3556 1312 3616 V,

290 3620 493 3674 distinctorum
507 3627 527 3673 1.
541 3639 575 3675 m.
587 3639 632 3690 pr.
689 3627 723 3674 ‘22
741 3622 812 3674 fidos
827 3638 877 3675 001.
892 3628 913 3674 P
927 3639 960 3675 or.
973 3641 1026 3691 pr,
1046 3624 1122 3676 intra
1141 3639 1234 3677 corsus
1248 3622 1312 3676 odd.

290 3708 358 3746 corr.
415 3697 448 3745 23
464 3691 531 3763 sibi]
546 3692 576 3745 bi
586 3698 606 3744 P
616 3711 650 3747 m.
660 3711 715 3761 pr,
731 3693 843 3747 siiutra
857 3693 1105 3748 recusaturos.
1166 3697 1199 3746 25
1215 3693 1313 3763 quam]

290 3781 346 3816 non
366 3769 395 3815 V.
475 3763 541 3817 Sero
561 3781 590 3816 00
606 3765 697 3832 perire
711 3770 744 3817 P:
764 3779 794 3817 00
813 3765 905 3832 perire
920 3780 981 3818 sero
1001 3770 1018 3816 (t
1037 3763 1186 3836 [seperire
1205 3780 1255 3817 001.
1271 3764 1311 3835 11],

291 3839 325 3887 16
345 3852 405 3889 0000
424 3837 534 3904 scripsi:
555 3852 615 3889 esse
635 3842 665 3889 Δ.
744 3836 905 3906 desperata]
926 3836 1072 3905 desperate
1091 3841 1122 3890 V.
