3150 4459
460 435 713 491 HISTORIARUM
732 435 945 490 ALEXANDRI
964 436 1011 503 Vl,
1029 442 1054 491 2.
1203 436 1265 501 157

205 605 227 659 6
310 598 397 664 Hinc
420 601 454 663 in
473 599 668 664 Parthienen
690 605 881 684 perventum
905 602 964 685 est,
986 603 1065 664 tunc
1088 599 1265 686 ignobilem
1287 617 1319 664 11

242 693 387 774 gentem,
418 710 505 754 nunc
528 693 627 774 caput
649 689 807 771 omnium,
841 689 897 773 qui
919 693 995 773 post
1018 688 1207 773 Euphraten
1233 693 1266 753 et

242 777 368 863 Tigrim
397 800 504 842 amnes
533 777 587 843 siti
611 778 723 842 Rubro
747 778 829 842 mari
857 779 1079 843 terminantur.
1127 776 1265 862 Scythae
1286 794 1319 842 13

241 867 406 951 regionem
432 871 645 952 campestrem
668 888 705 932 ac
725 866 864 933 fertilem
884 870 1128 951 occupaverant,
1150 888 1265 953 graves

215 956 348 1022 aadhuc
371 959 506 1021 accolae.
545 954 643 1021 Sedes
666 956 787 1021 habent
811 960 843 1020 et
865 957 900 1020 in
918 956 1051 1040 Europa
1074 958 1107 1021 et
1124 956 1159 1020 in
1173 955 1265 1021 Asia:

243 1044 299 1129 qui
330 1066 426 1129 super
450 1045 654 1129 Bosphorum
683 1047 803 1129 colunt,
836 1044 1063 1111 adscribuntur
1085 1043 1191 1128 Asiae,
1223 1048 1267 1129 at,

243 1136 300 1217 qui
333 1134 368 1197 in
389 1134 522 1218 Europa
549 1138 638 1218 sunt,
670 1158 690 1199 a
711 1136 804 1200 laevo
832 1134 987 1199 Thraciae
1014 1137 1114 1200 latere
1143 1134 1183 1198 ad
1206 1134 1266 1198 Bo-

241 1223 429 1307 rysthenem
452 1228 548 1307 atque
572 1224 645 1289 inde
669 1223 709 1288 ad
722 1223 858 1288 Tanaim
883 1223 996 1308 [alium
1013 1223 1155 1308 amnem]
1179 1228 1266 1287 recta

242 1314 341 1397 plaga
355 1313 501 1377 attinent.
532 1312 650 1378 Tanais
664 1312 831 1397 Europam
850 1318 882 1377 et
895 1310 1008 1377 Asiam
1027 1311 1151 1378 medius
1170 1312 1267 1377 inter·
1287 1329 1320 1377 14

199 1429 229 1467 ro
242 1402 324 1465 fluit.
371 1400 439 1465 Nec
463 1402 638 1487 dubitatur,
670 1403 750 1485 quin
773 1402 922 1487 Scythae,
952 1402 1008 1486 qui
1032 1401 1171 1466 Parthos
1194 1423 1267 1467 con-

244 1490 361 1573 didere,
392 1513 458 1554 non
482 1513 500 1554 a
523 1491 705 1577 Bosphoro,
737 1491 794 1557 sed
821 1514 861 1556 ex
883 1490 1032 1575 Europae
1056 1491 1189 1577 regione
1211 1513 1266 1576 pe-

242 1579 448 1643 netraverint.
466 1578 550 1644 Urbs
566 1584 634 1643 erat
649 1603 686 1645 ea
699 1584 893 1665 tempestate
907 1583 994 1645 clara
1002 1580 1265 1664 Hecatompylos,
1287 1597 1320 1644 15

243 1668 372 1734 condita
396 1692 415 1733 a
439 1667 582 1735 Graecis:
609 1670 654 1733 ibi
678 1671 796 1734 stativa
819 1691 876 1733 rex
895 1669 1010 1734 habuit
1032 1668 1266 1734 commeatibus

243 1757 386 1842 undique
410 1758 559 1823 advectis.
606 1756 720 1842 Itaque
743 1781 863 1844 rumor,
887 1759 985 1823 otiosi
1008 1759 1122 1823 militis
1141 1758 1266 1843 vitium,

199 1847 312 1912 resine
336 1852 467 1910 auctore
490 1848 697 1931 percrebruit,
720 1869 830 1933 regem
850 1852 1039 1914 contentum
1057 1848 1162 1931 rebus,
1186 1869 1266 1932 quas

244 1936 413 2021 gessisset,
450 1937 484 1999 in
516 1936 739 2002 Macedoniam
775 1938 926 2021 protinus
962 1937 1066 2003 redire
1105 1938 1265 2002 statuisse.

243 2024 438 2090 Discurrunt
460 2026 639 2111 lymphatis
668 2026 790 2090 similes
814 2028 849 2090 ia
872 2027 1080 2093 tabernacula
1103 2030 1134 2090 et
1158 2026 1266 2091 itineri

244 2114 386 2179 sarcinas
409 2119 536 2199 aptant:
560 2117 689 2200 signum
713 2116 825 2179 datum
849 2115 1001 2198 crederes,
1025 2118 1062 2179 ut
1080 2137 1156 2180 vasa
1176 2115 1266 2181 oolli-
1287 2133 1320 2181 16

244 2208 356 2287 gerent
379 2206 457 2267 totis
476 2206 599 2268 cestria.
636 2204 809 2269 Tumultus
828 2204 905 2270 hinc
923 2204 1168 2269 contubernales
1190 2226 1265 2271 suos

199 2317 229 2357 ao
242 2292 489 2376 requirentium,
521 2293 599 2359 hinc
630 2294 831 2358 onerantium
865 2296 1011 2379 plaustra
1041 2293 1203 2378 perfertur
1226 2294 1265 2357 ad

243 2403 360 2467 regem.
407 2381 561 2446 Fecerant
583 2383 679 2446 fidem
703 2383 826 2447 rumori
849 2387 969 2447 temere
994 2383 1127 2467 vulgato
1153 2381 1266 2448 Graeci
1287 2401 1319 2448 17

244 2471 365 2534 milites
389 2471 493 2534 redire
516 2472 595 2536 iussi
620 2471 746 2537 domos:
778 2494 917 2555 quorum
942 2472 1104 2557 equitibus
1128 2472 1266 2559 singulis

244 2559 411 2646 denarium
434 2581 510 2623 sena
532 2561 622 2625 milia
646 2582 715 2625 oum
738 2563 815 2625 doto
835 2567 941 2641 essem,
958 2561 1119 2644 peditibus
1140 2562 1267 2643 stapulo

243 2650 348 2732 milio,
384 2649 463 2732 ipsis
497 2671 624 2733 quoque
651 2651 748 2714 finem
783 2650 920 2714 militiae
948 2650 1058 2716 adesse
1086 2649 1265 2714 credebant.

201 2763 229 2802 ss
245 2737 341 2801 Haud
365 2758 465 2820 secus,
494 2762 590 2823 quam
614 2761 673 2823 par
696 2743 774 2820 erat,
804 2739 946 2823 territus,
970 2741 1025 2823 qui
1049 2738 1146 2803 Indos
1170 2743 1266 2822 atque
1287 2755 1320 2802 18

318 2904 331 2948 1
352 2896 524 2949 Parthienen
537 2902 563 2948 1:
582 2896 761 2964 parthienem
774 2902 806 2951 Δ.
880 2902 895 2948 2
915 2897 1012 2968 caput]
1032 2896 1124 2965 capud
1140 2902 1209 2950 Pru.
1220 2914 1265 2965 pr.

245 2967 401 3038 8Tigrim]
419 2967 524 3037 tygrim
538 2972 594 3021 BV.
650 2967 974 3039 Scythae]schythae1‘.
1031 2966 1266 3039 scampestrem]

245 3042 433 3106 campestrem
443 3045 471 3091 L.
527 3041 732 3108 occupaverant
745 3040 856 3108 seara:
872 3041 1082 3107 occupauerunt
1094 3044 1124 3091 Δ.
1180 3038 1266 3092 suu-

244 3110 1265 3250 sarturadiscordanterartaudus

244 3251 416 3306 boristenem
435 3258 460 3305 c.
534 3253 675 3376 Skalium
694 3253 888 3375 amnempldel.
914 3255 1017 3322 Voyel.¹
1076 3252 1265 3323 9Europam]

245 3324 390 3392 europiam
410 3330 437 3377 P.
521 3330 554 3378 10
594 3325 695 3391 cythae
713 3329 739 3378 1:
759 3324 814 3378 scit
834 3340 868 3378 ae
887 3329 955 3378 Bm.
967 3341 1012 3394 pr.
1028 3329 1058 3391 Ρ,
1077 3323 1164 3377 scitae
1183 3328 1265 3377 HV.

247 3400 279 3447 12
290 3395 511 3464 Hecatompylos
518 3397 686 3450 Frobenias:
702 3396 995 3465 haecathonphilosA.
1053 3400 1085 3447 13
1095 3394 1211 3467 stativa]

245 3467 380 3519 statiuam
394 3473 422 3519 P.
479 3474 512 3519 14
527 3467 622 3537 otiosi]
637 3467 724 3520 ociosi
738 3472 794 3519 Π.
850 3465 962 3537 vitium]
976 3466 1114 3519 uiciumI.
1128 3484 1162 3520 m.
1173 3484 1219 3535 pr.
1234 3472 1265 3518 V.

247 3542 279 3591 16
290 3537 466 3606 percrebruit
474 3540 606 3592 Zorotus:
619 3538 781 3607 percrebuit
790 3543 820 3589 A.
876 3538 1265 3609 contentum]contemtum11

245 3627 279 3662 m.
290 3628 336 3677 pr.
351 3615 382 3661 V.
439 3615 470 3661 17
490 3609 658 3680 lymphatis]
677 3609 824 3678 limphatis
843 3614 925 3663 FLV.
988 3611 1024 3663 a'o
1042 3608 1226 3663 tabernacula
1241 3616 1265 3661 1:

245 3679 430 3733 tabernacula
449 3685 479 3733 A.
547 3681 654 3751 itineri]
673 3681 783 3734 itineris
803 3687 828 3733 c.
901 3686 934 3733 23
954 3698 1023 3734 com
1042 3682 1123 3735 dota
1146 3688 1266 3745 essent,

241 3753 420 3821 peditibus
444 3753 581 3823 stapulo
606 3754 704 3806 milio
723 3753 830 3806 addidi.
923 3758 957 3805 25
976 3768 1028 3820 par
1051 3752 1123 3823 erat]
1145 3751 1266 3821 parabat

247 3828 314 3877 Pm.
325 3842 370 3892 pr.
444 3824 570 3894 territus]
590 3824 704 3877 territos
722 3829 791 3877 Pm.
802 3840 848 3893 pr.
922 3823 1018 3894 atque]
1039 3824 1131 3891 adque
1151 3827 1178 3875 Ι..
