3150 4459
292 446 355 509 108
571 462 573 464 ’
669 445 700 510 Q.
720 445 829 500 CURTI
847 446 932 499 RUFI

289 607 454 673 Euntibus
492 631 510 672 a
547 614 637 692 parte
673 611 765 674 laeva
798 608 933 690 Arabia,
970 610 1107 673 odorum
1144 610 1313 674 fertilitate

236 716 269 763 12
288 698 408 762 nobilis
431 698 535 784 regio:
560 704 736 783 campestre
760 700 823 763 iter
845 704 895 763 est
922 701 958 762 ia
981 704 1065 762 terra
1089 700 1173 762 iuter
1197 698 1313 783 Tigrin

197 820 199 822 ·
290 790 322 852 et
345 786 535 871 Euphraten
558 789 676 853 iacenti
698 792 764 852 tam
789 787 883 853 uberi
906 792 938 851 et
960 788 1085 873 pingui,
1113 792 1150 851 ut
1173 811 1192 851 a
1216 794 1312 871 pastu

288 878 403 960 repelli
432 897 549 959 pecora
579 878 739 960 dicantur,
774 900 815 942 ne
847 878 977 941 satietas
1007 878 1154 961 perimat.
1207 877 1313 941 Causa

289 966 467 1030 fertilitatis
498 970 547 1030 est
576 965 707 1051 humor,
741 968 798 1049 qui
829 989 868 1030 ex
898 970 1038 1048 utroque
1068 989 1161 1030 amne
1192 972 1316 1048 manat,
1344 992 1358 1031 s

237 1074 272 1121 13
290 1058 360 1119 toto
384 1056 451 1119 fere
475 1057 545 1120 solo
564 1060 699 1140 propter
721 1078 819 1120 venas
839 1077 994 1138 aquarum
1019 1056 1199 1120 resudante.
1245 1055 1313 1139 Ipsi

290 1166 400 1208 amnes
438 1166 477 1208 ex
509 1143 681 1209 Armeniae
718 1145 884 1209 montibus
917 1145 1085 1229 profluunt
1122 1167 1158 1209 ac
1195 1168 1315 1230 magno

291 1234 404 1297 deinde
428 1255 584 1316 aquarum
609 1234 749 1299 divortio
774 1236 844 1317 iter,
868 1235 955 1316 quod
979 1239 1164 1318 coeperunt,
1186 1256 1316 1318 percur-

289 1326 377 1386 runt:
410 1340 436 1385 11
463 1323 555 1387 milia
586 1328 619 1387 et
647 1324 825 1409 quingenta
853 1323 958 1388 stadia
986 1325 1107 1387 emensi
1136 1328 1225 1406 sunt,
1259 1326 1316 1407 qui

290 1412 527 1495 amplissimum
546 1411 753 1477 intervallum
778 1414 864 1478 circa
882 1411 1055 1477 Armeniae
1074 1418 1200 1477 montes
1224 1416 1316 1476 nota·
1331 1438 1359 1476 10

238 1521 271 1568 14
291 1505 415 1565 verunt.
465 1499 556 1564 Idem
588 1525 660 1567 cum
691 1502 833 1566 Mediam
863 1506 895 1565 et
926 1500 1166 1585 Gordyaeorum
1196 1506 1316 1565 terram

291 1612 397 1654 secare
429 1595 613 1673 coeperunt,
643 1592 800 1675 paulatim
832 1592 867 1654 in
897 1592 997 1655 artius
1028 1595 1146 1656 coeunt
1176 1596 1217 1674 et,
1251 1614 1315 1674 quo

290 1678 421 1765 longius
444 1682 586 1758 manant,
609 1680 672 1744 hoc
691 1681 861 1766 angustius
886 1680 970 1744 inter
994 1703 1027 1743 se
1047 1680 1187 1765 spatium
1212 1685 1316 1743 terrae

238 1788 271 1835 15
290 1769 488 1851 relinquunt.
534 1768 644 1834 Vicini
671 1771 811 1833 maxime
839 1773 916 1834 sunt
943 1771 978 1832 in
1002 1770 1133 1853 campis,
1164 1792 1244 1853 quos
1270 1771 1317 1832 in-

291 1858 380 1921 colae
412 1857 683 1941 Mesopotamiam
718 1858 897 1942 appellant:
930 1860 1068 1923 mediam
1101 1881 1241 1942 namque
1274 1860 1314 1922 ab
1330 1885 1358 1925 rs

291 1951 430 2030 utroque
462 1948 562 2012 latere
596 1948 740 2012 cludunt.
794 1947 936 2012 Tandem
968 1971 1027 2033 per
1058 1947 1315 2032 Babyloniorum

238 2056 271 2102 le
290 2036 372 2099 fines
395 2036 431 2099 in
453 2035 602 2100 Rubrum
625 2059 713 2101 mare
736 2037 936 2121 imumpunt.
983 2038 1168 2102 Alexander
1191 2038 1315 2119 quartis

291 2126 405 2189 castris
434 2124 475 2189 ad
498 2125 643 2189 Mennim
670 2126 784 2190 urbem
807 2127 962 2210 pervenit,
1011 2125 1155 2190 Caverna
1183 2126 1228 2189 ibi
1258 2129 1315 2207 est,

290 2235 329 2277 ex
353 2236 417 2298 qua
440 2216 513 2279 fons
537 2216 703 2301 ingentem
726 2215 896 2280 bituminis
917 2216 983 2280 vim
1007 2216 1152 2298 effundit,
1176 2216 1254 2279 adeo
1280 2218 1316 2277 ut

288 2304 366 2367 satis
397 2308 523 2368 constet
546 2303 744 2389 Babylonios
773 2327 882 2368 muros
912 2305 1053 2390 ingentis
1078 2305 1185 2389 operis
1216 2304 1313 2367 huius
1329 2333 1358 2371 ro

288 2393 389 2457 fontis
413 2393 572 2458 bitumine
596 2393 756 2458 interlitos
781 2416 858 2459 esse.

236 2501 269 2548 ιτ
358 2480 508 2556 Ceterum
531 2482 701 2567 Babylona
728 2483 916 2566 procedenti
944 2480 1131 2571 Alexandro
1154 2482 1349 2562 Mazaeusss

289 2571 345 2653 qui
378 2594 417 2635 ex
447 2572 515 2636 acie
545 2573 579 2635 in
610 2594 680 2636 eam
711 2572 824 2636 urbem
856 2573 1060 2657 confugerat,
1091 2584 1163 2635 cum
1195 2571 1314 2634 adultis

361 2770 374 2816 1
396 2764 525 2835 odorum]
545 2765 681 2817 sudorum
699 2771 727 2817 P.
803 2771 818 2817 2
837 2767 873 2819 ia
891 2772 983 2819 terra
1002 2766 1115 2819 addidit
1133 2766 1259 2818 Koebter:

288 2836 398 2907 Tigrin]
424 2835 521 2904 tygrin
539 2842 565 2888 ὓ.
662 2836 874 2908 3Euphraten]
899 2836 1028 2891 eufraten
1047 2841 1101 2888 PL.
1208 2834 1315 2888 iacenti

288 2908 418 2962 Kochler:
438 2906 561 2961 iacentia
575 2911 605 2958 Δ.
661 2908 820 2976 4perimat
834 2915 864 2961 σε
884 2909 1045 2977 perematP
1060 2926 1094 2961 m.
1104 2926 1151 2975 pr.
1208 2907 1313 2976 dfere]

287 2977 447 3032 ferre'Pm.
457 2996 503 3048 pr.
596 2978 779 3032 7A1meniae
798 2985 824 3032 1:
845 2978 1005 3033 armoeniae
1023 2983 1054 3031 Δ.
1146 2995 1179 3032 ac
1198 2978 1315 3032 Freins-

286 3051 403 3105 hemius:
424 3068 441 3103 a
459 3054 490 3102 A.
560 3055 617 3102 911
634 3049 727 3121 milia]
746 3068 797 3104 om.
813 3050 893 3103 milia
912 3056 932 3103 B
951 3069 986 3104 m.
996 3068 1042 3119 pr.
1057 3055 1139 3102 ΗΝ.
1210 3050 1315 3120 stadia]

288 3121 363 3173 stadi
376 3126 397 3173 P
411 3139 445 3174 m.
455 3139 501 3189 pr.
566 3122 673 3175 emensi
691 3126 711 3173 B
730 3123 762 3174 ia
780 3123 917 3192 margine:
938 3137 1051 3175 emensa
1069 3126 1100 3173 A.
1161 3125 1194 3173 10
1213 3120 1310 3174 Arme-

287 3192 353 3246 niae
371 3198 397 3245 1:
423 3192 582 3246 arruoeniae
601 3197 632 3245 Δ.
724 3199 764 3251 11,
777 3192 902 3246 Mediam
924 3194 1037 3262 serebat:
1061 3192 1156 3245 media
1174 3199 1194 3243 P
1213 3211 1248 3246 ru.
1259 3210 1316 3259 pa,

286 3264 430 3318 mediaec.
478 3263 689 3332 Gordyaeorum
701 3266 858 3320 Beatleius:
873 3265 1070 3335 gordiaeorum
1084 3269 1115 3316 Δ.
1165 3269 1196 3315 12
1212 3263 1314 3334 artius]

292 3335 381 3388 rrcius
402 3340 431 3388 P.
523 3338 626 3389 coeunt
643 3336 752 3390 Lauer:
776 3338 902 3404 quoeunt
920 3341 1006 3402 ΠΝ,
1032 3335 1169 3404 quoeuuti
1187 3340 1207 3386 B
1222 3354 1256 3388 m.
1268 3354 1315 3403 pr.

286 3412 356 3460 Pm.
367 3417 413 3475 pr.
472 3412 504 3459 13
524 3406 660 3477 spatium]
676 3407 804 3475 spacium
814 3413 842 3460 P.
900 3414 933 3461 14
946 3407 1034 3461 vicini
1048 3408 1155 3461 Laeter:
1175 3406 1271 3459 uicina
1282 3411 1314 3459 A.

287 3482 320 3530 16
339 3477 465 3531 Tandem
485 3478 704 3533 Freinshemius:
729 3478 829 3532 eadem
847 3484 878 3531 Δ.
951 3478 1184 3548 Babyloniorum]
1203 3477 1313 3532 babilo-

284 3549 395 3603 niorum
405 3555 433 3615 t,
448 3548 677 3618 babylloniorum
690 3555 722 3602 V.
779 3556 812 3604 19
827 3550 1167 3674 ingentemyincentemP
1182 3567 1216 3604 m.
1222 3569 1268 3617 pr.

285 3620 369 3691 adeo]
389 3624 420 3675 at
438 3638 470 3674 eo
484 3627 505 3673 P
518 3639 553 3674 m.
564 3639 609 3689 pr.
684 3626 719 3674 20
738 3621 923 3693 Babylomos]
942 3622 979 3675 ba
999 3621 1101 3675 rlonros
1116 3627 1144 3687 L,
1163 3621 1313 3689 babbyllo-

284 3692 346 3745 nios
365 3697 395 3745 V.
479 3698 512 3744 22
532 3692 679 3760 Babylona
698 3694 859 3761 beowius:
883 3692 1018 3747 babilona
1036 3700 1056 3744 P
1075 3711 1109 3746 m.
1120 3710 1176 3761 pu,
1195 3692 1313 3761 babylo-

284 3781 350 3816 nam
368 3768 423 3829 Pr,
442 3763 606 3817 babilonam
624 3768 652 3829 L,
672 3763 856 3832 babyllonam
874 3770 904 3817 V.
978 3764 1109 3818 Mazaeus
1128 3765 1233 3818 Aldus:
1253 3782 1313 3817 ma-

278 3852 348 3887 zeus
366 3840 397 3887 Δ,
473 3840 507 3889 23
527 3835 600 3907 acie]
620 3835 695 3889 atiae
714 3840 745 3887 V.
