3150 4459
433 449 687 505 HISTORIARUM
705 448 921 503 ALEXANDRI
938 449 1012 516 VIII,
1031 453 1056 501 4.
1071 454 1095 502 5.
1208 446 1273 513 269

251 620 352 697 turus,
377 614 433 698 qui
456 615 633 678 victoribus
653 613 835 697 imperaret.
871 613 1018 677 Pudebat
1037 611 1157 677 amicos
1177 628 1328 695 supereo

251 706 363 767 vinum
387 708 419 767 et
442 705 554 788 epulas
576 724 721 768 socerum
741 725 781 767 ex
801 702 918 766 deditis
937 723 1005 766 esse
1025 702 1194 783 delectum,
1218 701 1275 765 sed

252 796 326 875 post
350 791 428 856 Cliti
451 793 579 857 caedem
603 792 752 856 libertate
775 791 904 856 sublata
927 790 1029 874 vultu,
1056 790 1112 874 qui
1135 790 1274 854 maxime

253 884 360 963 servit,
382 881 653 946 adsentiebantur.

198 977 234 1029 17
320 970 469 1035 Ceterum
501 970 626 1034 Indiam
660 974 692 1035 et
724 970 798 1034 inde
829 969 991 1034 Oceanum
1023 970 1200 1053 petiturus,
1232 961 1320 1064 ner

225 1061 330 1143 aquid
354 1083 373 1123 a
396 1065 497 1144 tergo,
525 1061 612 1143 quod
636 1061 796 1125 destinata
820 1059 964 1143 inpedire
987 1062 1105 1143 posset,
1135 1079 1276 1122 movere

252 1155 318 1232 tur,
352 1172 391 1214 ex
424 1150 574 1214 omnibus
600 1149 778 1233 provinciis
802 1167 876 1212 xxx
903 1148 994 1212 milia
1021 1147 1185 1212 iuniorum
1210 1146 1276 1232 legi

252 1239 346 1302 iussit
371 1242 403 1301 et
427 1239 467 1302 ad
490 1262 523 1302 se
545 1243 669 1303 armata
687 1240 822 1323 perduci
841 1238 969 1303 obsides
989 1236 1086 1302 simul
1104 1235 1276 1307 habiturus

253 1333 285 1392 et
308 1328 437 1391 milites
485 1326 652 1393 Craterum
677 1332 785 1393 autam
814 1328 855 1392 ad
877 1326 1115 1412 persequendos
1138 1325 1276 1389 Hausta-
1296 1343 1311 1391 2

212 1442 238 1481 1o
252 1440 316 1481 nen
340 1423 372 1481 et
391 1415 544 1501 Catanen,
569 1419 624 1502 qui
646 1418 777 1502 abipso
798 1417 988 1498 defecerant,
1012 1416 1114 1481 misit:
1139 1436 1277 1498 quorum

252 1506 435 1570 Haustanes
461 1512 572 1590 captus
596 1511 654 1591 est,
679 1506 816 1571 Catanes
840 1506 875 1570 in
897 1508 1021 1590 proelio
1046 1506 1179 1570 occisus.
1216 1504 1277 1569 Po·

252 1597 406 1679 lypercon
431 1618 559 1680 qnoque
583 1596 762 1682 regionem,
787 1618 870 1680 quae
892 1595 1063 1659 Bubacene
1087 1597 1277 1677 appellatur,

253 1688 296 1758 in,
311 1686 471 1751 dicionem
494 1687 627 1770 redegit.
673 1684 787 1769 Itaque
817 1685 967 1750 omnibus
990 1683 1168 1767 conpositis
1192 1682 1277 1767 cogi·
1297 1700 1313 1749 3

253 1775 393 1839 tationes
416 1777 452 1839 in
474 1774 596 1840 bellum
620 1773 768 1839 Indicum
793 1774 899 1854 vertit.
945 1773 1045 1839 Dives
1067 1773 1158 1858 regio
1182 1772 1278 1836 habe-

212 1888 238 1927 15
253 1864 349 1928 batur
372 1885 439 1928 non
462 1887 539 1929 auro
564 1863 670 1946 m0d0,
694 1864 751 1927 sed
770 1863 906 1949 gemmis
932 1885 1062 1947 quoque
1081 1860 1278 1947 margaritis-

254 1976 325 2036 que,
349 1953 389 2016 ad
411 1955 526 2017 luxum
544 1953 649 2039 magis
669 1975 766 2036 quam
785 1953 826 2016 ad
846 1952 1120 2038 magnificentiam
1141 1953 1278 2017 exculta.

253 2042 355 2106 Periti
392 2042 534 2106 militum
571 2064 622 2106 res
655 2064 733 2106 auro
767 2046 800 2105 et
833 2041 928 2107 ebore
960 2043 1084 2127 fulgere
1115 2041 1314 2105 dicebant:4

254 2133 373 2214 itaque,
396 2132 512 2195 necubi
530 2133 721 2215 vinceretur,
745 2153 818 2195 cum
837 2130 951 2196 ceteris
970 2134 1158 2214 praestaret,
1179 2130 1279 2195 scutis

254 2225 423 2306 argenteas
451 2220 601 2303 laminas,
634 2222 724 2304 equis
753 2221 862 2287 frenos
890 2242 1004 2286 aureos
1036 2220 1172 2303 addidit,
1204 2220 1279 2283 lori-

213 2335 240 2372 ao
255 2332 307 2373 cas
336 2332 466 2394 quoque
494 2311 574 2375 alias
599 2333 691 2393 auro,
720 2310 801 2375 alias
826 2314 960 2397 argento
985 2310 1162 2374 edomavit.
1210 2326 1279 2373 cxx

254 2399 345 2463 milia
368 2404 566 2463 armatorum
591 2405 703 2484 erant,
728 2422 810 2484 quae
834 2422 943 2486 regem
967 2399 1064 2463 adid
1089 2400 1207 2464 bellum
1234 2421 1280 2463 se-

256 2489 445 2572 quebantur.
741 2511 743 2514 ·
1175 2515 1177 2518 ’

321 2577 454 2663 Iamque
474 2580 624 2644 omnibus
643 2579 954 2663 praeparabamus,
979 2578 1065 2661 quod
1085 2577 1163 2641 olim
1181 2600 1281 2661 prava
1300 2594 1315 2640 5

255 2671 362 2732 mente
386 2672 590 2752 conceperat,
617 2672 696 2733 tunc
718 2690 787 2732 esse
811 2673 987 2751 maturum,
1018 2688 1158 2751 quonam
1183 2667 1279 2730 modo

214 2782 240 2821 ss
255 2760 408 2822 caelestes
423 2757 562 2823 honores
581 2762 759 2842 usurparet,
779 2757 887 2841 coepit
906 2758 1037 2843 agitare.
1074 2754 1160 2820 lovis
1175 2756 1279 2819 filium

255 2868 320 2910 non
345 2848 409 2912 dici
431 2851 560 2913 tantum
584 2870 627 2927 se,
650 2847 707 2912 sed
730 2847 828 2911 etiam
849 2846 933 2911 credi
954 2846 1092 2928 volebat,
1115 2850 1280 2927 tamquam

255 2937 388 3018 perinde
421 2937 538 3001 animis
567 2937 726 3021 imperare
753 2940 866 3019 posset
894 2955 931 2998 ac
953 2934 1089 3020 linguis,
1121 2934 1316 3016 iussitquec

256 3047 345 3088 more
368 3025 539 3091 Persarum
562 3025 755 3090 Macedonas
789 3023 1030 3090 venerabundos
1063 3023 1171 3107 ipsum
1199 3023 1281 3086 salu-

329 3207 344 3253 3
362 3199 442 3273 Cliti]
461 3201 531 3270 clyti
547 3206 651 3255 BPLP.
717 3206 731 3253 ‘1
751 3200 916 3271 provinciis]
935 3198 1087 3269 prouintiis
1106 3204 1134 3252 P.
1189 3197 1281 3269 milia]

257 3289 308 3325 om.
323 3277 351 3324 P.
409 3275 535 3326 9autem
548 3278 580 3327 P:
600 3290 652 3327 om.
668 3277 693 3324 0.
750 3277 783 3325 10
804 3270 931 3325 Catanen
945 3272 1097 3325 Kiacbr'us:
1117 3272 1236 3324 catenen
1250 3275 1281 3324 A.

258 3351 289 3396 11
307 3343 439 3414 Catanes]
455 3346 568 3399 catenes
583 3349 608 3396 0.
669 3342 846 3412 Polypercon
860 3349 886 3398 1:
906 3342 1070 3412 polipercon
1084 3346 1114 3395 A.
1174 3348 1206 3394 12
1226 3341 1283 3395 Bu-

256 3414 362 3468 bacene
381 3416 551 3470 Frobear'os:
578 3413 743 3468 bubacenen
766 3419 797 3468 A.
895 3420 927 3468 13
953 3412 1084 3468 dicionen
1102 3418 1122 3476 B
1141 3431 1176 3466 ra.
1196 3419 1282 3469 sech

256 3505 291 3539 m.
306 3504 365 3555 pn:
378 3487 523 3545 ,ditionem
541 3491 571 3539 A.
647 3485 1049 3556 141ndicum]indicaum1’.
1125 3490 1157 3538 16
1177 3484 1225 3556 ad]
1245 3485 1282 3538 ab

257 3564 325 3611 Par.
336 3576 382 3626 pr.
480 3563 512 3611 17
532 3556 656 3610 militum
673 3573 718 3611 ree
736 3559 847 3626 carpsi:
867 3556 1006 3611 militares
1025 3561 1056 3609 A.
1153 3556 1237 3610 ebore
1255 3562 1281 3611 I:

257 3630 343 3683 ebure
362 3634 392 3681 A.
450 3634 483 3682 19
502 3628 622 3683 laminas
643 3636 673 3681 c:
693 3628 803 3682 lamnas
822 3634 850 3681 P.
907 3627 1032 3682 coeliae
1057 3627 1187 3698 argento]
1211 3627 1282 3680 alios

257 3704 375 3770 argento
390 3707 417 3753 P.
484 3707 516 3754 21
536 3699 628 3771 milia]
643 3718 694 3755 om.
709 3706 737 3753 P.
803 3705 837 3753 2⁸
856 3700 1033 3769 praeparatis
1052 3706 1150 3755 ratus
1168 3700 1282 3754 Freins-

257 3775 373 3827 hemius:
393 3771 571 3841 praeparatis
589 3777 620 3827 A.
702 3777 736 3825 24
756 3772 829 3843 ease]
849 3773 892 3825 eet
910 3777 940 3824 V.
1014 3776 1047 3825 at
1067 3770 1207 3839 iussitque
1226 3772 1281 3824 lee-

253 3847 334 3912 pios:
355 3844 452 3912 itaque
471 3849 501 3897 A.
