3150 4459
477 464 730 518 HISTORIAR-UM
749 465 963 519 ALEXANDRI
981 466 1041 534 llll,
1061 472 1084 520 5.
1246 460 1288 529 59

264 653 359 694 oram
389 629 488 694 classe
515 629 717 713 praetervehi
747 630 834 694 iusso
866 630 905 693 ad
933 630 1045 694 urbem
1070 628 1186 694 Gazam
1216 652 1288 693 cum

266 718 422 784 omnibus
445 720 547 804 copiis
571 720 668 782 venit.

336 806 442 872 Isdem
466 808 532 872 fere
557 808 669 872 diebus
693 808 849 873 sollemne
873 813 941 872 erat
959 808 1119 874 ludicrum
1139 807 1289 872 Isthmio·
1310 826 1341 873 11

265 920 350 981 rum,
378 898 466 981 quod
489 901 648 963 conventu
673 899 774 962 totius
799 896 949 962 Graeciae
974 896 1165 962 celebratur:
1194 898 1228 961 in
1251 920 1288 961 eo

236 987 407 1054 aconcilio
427 985 550 1070 Graeci,
572 990 610 1050 ut
633 992 708 1051 sunt
727 988 925 1071 temporaria
943 987 1081 1073 ingenia,
1105 987 1289 1069 decernunt,

267 1081 306 1140 ut
330 1094 377 1172 nv
400 1078 585 1162 legarentur
608 1077 648 1140 ad
670 1099 789 1163 regem,
818 1078 874 1161 qui
898 1076 938 1140 ob
968 1098 1018 1139 res
1042 1098 1102 1161 pro
1126 1076 1230 1139 salute
1253 1098 1290 1140 ac

267 1166 418 1230 libertate
444 1164 595 1231 Graeciae
619 1171 726 1252 gestas
750 1188 902 1231 coronam
927 1187 1055 1229 auream
1079 1166 1200 1229 donum
1224 1166 1290 1229 vic-

268 1256 372 1320 toriae
390 1256 518 1319 ferrent.
564 1254 654 1319 Idem
678 1256 775 1340 paulo
800 1258 874 1319 ante
892 1256 1032 1320 incertae
1056 1254 1158 1319 famae
1183 1259 1342 1339 capta-12

270 1349 381 1409 verant
400 1367 520 1428 auram,
538 1348 584 1429 ut,
603 1367 807 1428 quocumque
821 1346 997 1429 pendentes
1017 1345 1141 1409 animos
1161 1344 1290 1409 tulisset

225 1435 409 1517 infortuna,
432 1439 648 1518 sequerentur.

219 1531 252 1585 ΞΒ
337 1523 486 1588 Ceterum
521 1546 586 1588 non
614 1524 683 1608 ipse
709 1524 807 1587 modo
837 1545 893 1587 rex
921 1522 1032 1587 obibat
1059 1522 1155 1587 urbes
1186 1522 1291 1587 adhuc
1311 1539 1343 1587 13

268 1616 382 1698 iugum
403 1612 531 1696 imperii
549 1617 743 1697 recusantes„
766 1612 822 1676 sed
841 1617 1006 1697 praetores
1026 1633 1155 1695 quoque
1179 1611 1290 1697 ipsius,

267 1702 391 1788 egregii
406 1702 511 1780 duces,
531 1701 686 1787 pleraque
701 1702 895 1787 invaserant,
915 1700 1008 1765 Calas
1024 1701 1290 1787 Paphlagoniam,

267 1791 455 1877 Antigonus
478 1791 689 1875 Lycaoniam:
712 1791 867 1856 Balacrus
890 1790 1052 1876 Hydarne,
1081 1791 1178 1855 Darei
1202 1813 1291 1873 prae-

225 1907 251 1948 ιε
266 1886 352 1964 tore,
383 1886 533 1965 superato
564 1882 669 1945 denuo
699 1880 849 1945 Miletum
880 1880 978 1964 cepit,
1008 1880 1227 1966 Amphoterus
1258 1884 1344 1944 et14

267 1969 475 2053 Hegelochus
500 1988 568 2034 ch
593 1971 725 2033 navium
749 1972 851 2036 classe
874 1969 996 2034 insulas
1025 1970 1109 2036 inter
1132 1969 1289 2034 Achaiam

268 2064 366 2143 atque
381 2058 493 2124 Asiam
509 2061 541 2123 in
557 2060 715 2124 dicionem
730 2058 906 2124 Alexandri
921 2060 1122 2144 redegerunt.
1160 2059 1289 2123 Tenedo
1324 2114 1326 2117 .

267 2171 398 2233 quoque
422 2154 552 2234 recepta
572 2149 688 2213 Ohium
712 2148 829 2214 incolis
852 2150 939 2214 ultro
960 2149 1149 2213 vocantibus
1172 2153 1289 2213 statue-

267 2243 342 2303 rant
370 2260 540 2322 occupare,
570 2239 625 2302 sed
651 2238 895 2321 Pharnabazus,
923 2238 1019 2303 Darei
1047 2242 1187 2322 praetor,
1217 2260 1290 2303 con·
1312 2254 1344 2301 15

226 2356 253 2394 aa
267 2329 451 2413 prehensis,
489 2328 544 2410 qui
577 2350 628 2391 res
665 2328 705 2391 ad
737 2326 928 2393 Macedones
961 2327 1147 2414 trahebant,
1179 2350 1291 2391 rursus

268 2416 459 2501 Apollonidi
484 2420 516 2480 et
540 2415 775 2502 Athenagorae,
806 2438 935 2481 suarum
958 2417 1100 2500 partium
1126 2418 1221 2499 viris,
1241 2441 1290 2481 ur-

267 2507 344 2570 bem
372 2530 447 2571 cum
471 2506 598 2571 modico
622 2506 783 2591 praesidio
808 2505 948 2570 militum
977 2506 1084 2570 tradit.
1131 2506 1288 2571 Praefecti
1312 2522 1344 2569 16

268 2596 446 2660 Alexandri
474 2597 507 2659 in
537 2596 705 2660 obsidione
733 2595 823 2659 urbis
851 2596 1099 2679 perseverabant
1129 2618 1194 2660 non
1223 2602 1290 2659 tam

269 2686 337 2750 suis
351 2687 405 2768 sesi
423 2686 546 2749 viribus
562 2707 658 2768 quam
678 2687 835 2769 ipsorum,
854 2685 909 2768 qui
925 2685 1164 2761 obsidebantur,
1180 2686 1291 2748 volun-

227 2802 253 2842 aa
268 2780 345 2840 tate.
396 2773 466 2840 Nec
493 2774 610 2839 fefellit
639 2775 763 2858 opinio:
793 2796 933 2857 namque
961 2774 1047 2838 inter
1073 2773 1291 2858 Apolloniden

270 2869 303 2929 et
335 2864 430 2929 duces
458 2864 599 2929 militurn
630 2869 701 2928 orta
732 2864 849 2928 seditio
878 2864 1084 2947 inrumpendi
1114 2864 1147 2926 in
1178 2863 1290 2927 urbem

343 3083 356 3129 1
378 3075 495 3145 Gazam]
516 3090 606 3145 gazan
625 3079 731 3128 Bnrv.
807 3081 822 3128 3
842 3074 935 3129 Isdem
954 3076 1065 3146 Stangl:
1085 3075 1188 3129 iisdem
1206 3081 1236 3128 Δ.

269 3147 417 3218 sollemne]
437 3146 560 3200 solemne
578 3151 605 3199 P.
665 3146 857 3218 Isthmiorum]
877 3146 1067 3215 iistymiornm
1086 3153 1110 3200 c.
1171 3153 1187 3200 4
1207 3146 1292 3200 Grae-

269 3218 584 3345 dilamulis?
606 3217 1164 3362 usatant101111111‘11111
1182 3218 1291 3359 aaa

268 3362 472 3433 paplagoniam
487 3331 573 3414 ΠΝ..
592 3434 603 3444 .
624 3366 658 3414 14
672 3361 856 3432 Lycaoniam]
871 3332 1024 3443 licaoniam
1039 3308 1114 3415 Hp
1134 3309 1185 3444 ¹1]
1201 3362 1291 3444 denuo

268 3436 377 3559 tdd‘irieh.
403 3454 423 3485 11
448 3432 755 3575 ddpddt]cdoblpidugle
813 3510 844 3557 16
857 3431 1292 3574 {dgdlddhgrlljdddddeghllb-

270 3595 318 3631 cus
334 3583 365 3630 Δ.
428 3582 459 3630 17
475 3575 587 3630 Tenedo
603 3592 714 3644 quoque
728 3578 843 3644 recepta
858 3574 958 3629 Chium
979 3575 1147 3631 &onooiosz
1169 3577 1293 3629 tenedon

269 3666 382 3718 quoque
402 3646 612 3716 receptaculum
628 3652 651 3699 Δ
672 3647 863 3717 [receptaculo
880 3653 900 3699 Ρ
916 3666 949 3701 m.
968 3648 1022 3719 pa]
1107 3653 1139 3700 19
1167 3648 1291 3717 praetor]

268 3722 382 3790 praeter
396 3726 425 3772 V.
500 3724 534 3771 20
552 3718 660 3789 rursus]
675 3736 770 3772 russus
785 3724 805 3771 B
821 3737 854 3772 m.
867 3736 912 3788 pr.
928 3723 958 3772 V.
1033 3724 1063 3771 21
1086 3717 1250 3787 Apollonidi
1264 3723 1291 3770 1:

270 3791 421 3861 apollinidi
439 3796 469 3843 Δ.
556 3791 620 3857 fiai
637 3790 743 3844 viribus
764 3792 857 3860 chel:
877 3789 985 3843 uiribus
1005 3795 1035 3843 Δ.
1126 3795 1159 3843 25
1179 3789 1293 3858 Apollo·

269 3865 356 3918 niden
375 3869 401 3915 1:
429 3861 604 3931 apolliniden
623 3865 653 3915 Δ.
727 3868 761 3915 26
780 3862 811 3915 in
830 3879 881 3916 om.
897 3868 924 3915 1..
