<?xml version="1.0" encoding="UTF-8"?>
<!DOCTYPE html PUBLIC "-//W3C//DTD XHTML 1.0 Transitional//EN"
    "http://www.w3.org/TR/xhtml1/DTD/xhtml1-transitional.dtd">
<html xmlns="http://www.w3.org/1999/xhtml" xml:lang="en" lang="en">
 <head>
  <title>
</title>
<meta http-equiv="Content-Type" content="text/html;charset=utf-8" />
  <meta name='ocr-system' content='tesseract 3.04.00' />
  <meta name='ocr-capabilities' content='ocr_page ocr_carea ocr_par ocr_line ocrx_word'/>
</head>
<body>
  <div class='ocr_page' id='page_1' title='image "./qcurtirufihisto01rufugoog_0385.png"; bbox 0 0 3150 4459; ppageno 0'>
   <div class='ocr_carea' id='block_1_1' title="bbox 475 403 1283 493">
    <p class='ocr_par' dir='ltr' id='par_1_1' title="bbox 475 403 1283 493">
     <span class='ocr_line' id='line_1_1' title="bbox 475 403 1283 493; baseline 0.015 -16"><span class='ocrx_word' id='word_1_1' title='bbox 475 403 729 479; x_wconf 70' lang='lat' dir='ltr'><em>fflssoffl&#39;snuu</em></span> <span class='ocrx_word' id='word_1_2' title='bbox 748 424 962 478; x_wconf 65' lang='lat' dir='ltr'><em>mesenam</em></span> <span class='ocrx_word' id='word_1_3' title='bbox 980 424 1014 493; x_wconf 85' lang='lat' dir='ltr'><em>x,</em></span> <span class='ocrx_word' id='word_1_4' title='bbox 1034 433 1060 479; x_wconf 81' lang='lat'><em>4.</em></span> <span class='ocrx_word' id='word_1_5' title='bbox 1219 424 1283 491; x_wconf 80' lang='lat'><em>367</em></span> 
     </span>
    </p>
   </div>
   <div class='ocr_carea' id='block_1_2' title="bbox 208 588 1288 3882">
    <p class='ocr_par' dir='ltr' id='par_1_2' title="bbox 208 588 1288 3615">
     <span class='ocr_line' id='line_1_2' title="bbox 255 588 1287 656; baseline -0.004 0"><span class='ocrx_word' id='word_1_6' title='bbox 255 594 335 656; x_wconf 85' lang='lat' dir='ltr'><em>soris</em></span> <span class='ocrx_word' id='word_1_7' title='bbox 366 591 403 654; x_wconf 92' lang='lat' dir='ltr'><em>in</em></span> <span class='ocrx_word' id='word_1_8' title='bbox 434 589 585 653; x_wconf 89' lang='lat' dir='ltr'><em>lacrimas</em></span> <span class='ocrx_word' id='word_1_9' title='bbox 615 593 644 653; x_wconf 91' lang='lat' dir='ltr'><em>el</em></span> <span class='ocrx_word' id='word_1_10' title='bbox 674 588 814 653; x_wconf 83' lang='lat' dir='ltr'><em>lamenta</em></span> <span class='ocrx_word' id='word_1_11' title='bbox 844 590 959 653; x_wconf 86' lang='lat' dir='ltr'><em>uictum</em></span> <span class='ocrx_word' id='word_1_12' title='bbox 991 588 1091 653; x_wconf 92' lang='lat' dir='ltr'><em>multa</em></span> <span class='ocrx_word' id='word_1_13' title='bbox 1120 590 1225 654; x_wconf 88' lang='lat' dir='ltr'><em>animi</em></span> <span class='ocrx_word' id='word_1_14' title='bbox 1248 589 1287 653; x_wconf 90' lang='lat' dir='ltr'><em>de</em></span> 
     </span>
     <span class='ocr_line' id='line_1_3' title="bbox 254 676 1287 763; baseline -0.001 -19"><span class='ocrx_word' id='word_1_15' title='bbox 254 680 360 763; x_wconf 84' lang='lat' dir='ltr'><em>produ</em></span> <span class='ocrx_word' id='word_1_16' title='bbox 383 679 491 743; x_wconf 87' lang='lat' dir='ltr'><em>deiecti</em></span> <span class='ocrx_word' id='word_1_17' title='bbox 514 683 699 760; x_wconf 84' lang='lat' dir='ltr'><em>arpumenta</em></span> <span class='ocrx_word' id='word_1_18' title='bbox 721 678 864 742; x_wconf 77' lang='lat' dir='ltr'><em>edidisse.</em></span> <span class='ocrx_word' id='word_1_19' title='bbox 904 676 968 742; x_wconf 82' lang='lat' dir='ltr'><em>Sed</em></span> <span class='ocrx_word' id='word_1_20' title='bbox 989 698 1027 741; x_wconf 93' lang='lat' dir='ltr'><em>ea</em></span> <span class='ocrx_word' id='word_1_21' title='bbox 1049 678 1175 759; x_wconf 77' lang='lat' dir='ltr'><em>quidem</em></span> <span class='ocrx_word' id='word_1_22' title='bbox 1199 679 1287 743; x_wconf 89' lang='lat' dir='ltr'><em>oarie</em></span> 
     </span>
     <span class='ocr_line' id='line_1_4' title="bbox 257 766 1288 849; baseline -0.005 -13"><span class='ocrx_word' id='word_1_23' title='bbox 257 771 442 837; x_wconf 83' lang='lat' dir='ltr'><em>traduntur:</em></span> <span class='ocrx_word' id='word_1_24' title='bbox 475 766 558 831; x_wconf 87' lang='lat' dir='ltr'><em>illud</em></span> <span class='ocrx_word' id='word_1_25' title='bbox 584 768 666 831; x_wconf 89' lang='lat' dir='ltr'><em>inter</em></span> <span class='ocrx_word' id='word_1_26' title='bbox 693 787 799 831; x_wconf 89' lang='lat' dir='ltr'><em>omnes</em></span> <span class='ocrx_word' id='word_1_27' title='bbox 826 772 956 845; x_wconf 84' lang='lat' dir='ltr'><em>constat,</em></span> <span class='ocrx_word' id='word_1_28' title='bbox 989 767 1223 849; x_wconf 84' lang='lat' dir='ltr'><em>Alenandrum,</em></span> <span class='ocrx_word' id='word_1_29' title='bbox 1251 772 1288 831; x_wconf 93' lang='lat' dir='ltr'><em>ut</em></span> 
     </span>
     <span class='ocr_line' id='line_1_5' title="bbox 256 856 1285 941; baseline -0.002 -19"><span class='ocrx_word' id='word_1_30' title='bbox 256 880 353 941; x_wconf 80' lang='lat' dir='ltr'><em>quam</em></span> <span class='ocrx_word' id='word_1_31' title='bbox 383 858 616 921; x_wconf 89' lang='lat' dir='ltr'><em>decentissimas</em></span> <span class='ocrx_word' id='word_1_32' title='bbox 638 858 785 938; x_wconf 74' lang='lat' dir='ltr'><em>exequias</em></span> <span class='ocrx_word' id='word_1_33' title='bbox 808 857 836 920; x_wconf 92' lang='lat' dir='ltr'><em>ei</em></span> <span class='ocrx_word' id='word_1_34' title='bbox 859 856 992 936; x_wconf 90' lang='lat' dir='ltr'><em>duceret,</em></span> <span class='ocrx_word' id='word_1_35' title='bbox 1024 857 1161 922; x_wconf 89' lang='lat' dir='ltr'><em>noluisse</em></span> <span class='ocrx_word' id='word_1_36' title='bbox 1182 857 1285 921; x_wconf 87' lang='lat' dir='ltr'><em>Echa-</em></span> 
     </span>
     <span class='ocr_line' id='line_1_6' title="bbox 255 944 1286 1028; baseline -0.001 -16"><span class='ocrx_word' id='word_1_37' title='bbox 255 950 343 1013; x_wconf 90' lang='lat' dir='ltr'><em>tanis</em></span> <span class='ocrx_word' id='word_1_38' title='bbox 365 968 434 1010; x_wconf 91' lang='lat' dir='ltr'><em>enm</em></span> <span class='ocrx_word' id='word_1_39' title='bbox 457 945 594 1027; x_wconf 89' lang='lat' dir='ltr'><em>sepeliri,</em></span> <span class='ocrx_word' id='word_1_40' title='bbox 617 946 673 1010; x_wconf 90' lang='lat' dir='ltr'><em>sed</em></span> <span class='ocrx_word' id='word_1_41' title='bbox 693 944 896 1028; x_wconf 70' lang='lat' dir='ltr'><em>Babylonem,</em></span> <span class='ocrx_word' id='word_1_42' title='bbox 924 966 983 1027; x_wconf 79' lang='lat' dir='ltr'><em>quo</em></span> <span class='ocrx_word' id='word_1_43' title='bbox 1006 946 1072 1027; x_wconf 88' lang='lat' dir='ltr'><em>ipse</em></span> <span class='ocrx_word' id='word_1_44' title='bbox 1088 947 1286 1028; x_wconf 83' lang='lat' dir='ltr'><em>profecturus</em></span> 
     </span>
     <span class='ocr_line' id='line_1_7' title="bbox 257 1034 1285 1117; baseline -0.002 -15"><span class='ocrx_word' id='word_1_45' title='bbox 257 1043 340 1115; x_wconf 89' lang='lat' dir='ltr'><em>esset,</em></span> <span class='ocrx_word' id='word_1_46' title='bbox 364 1057 385 1100; x_wconf 91' lang='lat' dir='ltr'><em>a</em></span> <span class='ocrx_word' id='word_1_47' title='bbox 404 1035 558 1100; x_wconf 77' lang='lat' dir='ltr'><em>Perdicca</em></span> <span class='ocrx_word' id='word_1_48' title='bbox 581 1036 714 1116; x_wconf 83' lang='lat' dir='ltr'><em>deferri:</em></span> <span class='ocrx_word' id='word_1_49' title='bbox 737 1034 841 1117; x_wconf 76' lang='lat' dir='ltr'><em>itique</em></span> <span class='ocrx_word' id='word_1_50' title='bbox 860 1037 960 1116; x_wconf 82' lang='lat' dir='ltr'><em>funus</em></span> <span class='ocrx_word' id='word_1_51' title='bbox 982 1035 1126 1099; x_wconf 87' lang='lat' dir='ltr'><em>inaudito</em></span> <span class='ocrx_word' id='word_1_52' title='bbox 1149 1035 1285 1116; x_wconf 85' lang='lat' dir='ltr'><em>enemplo</em></span> 
     </span>
     <span class='ocr_line' id='line_1_8' title="bbox 257 1123 1286 1191; baseline -0.002 0"><span class='ocrx_word' id='word_1_53' title='bbox 257 1126 415 1191; x_wconf 83' lang='lat' dir='ltr'><em>duodecim</em></span> <span class='ocrx_word' id='word_1_54' title='bbox 433 1124 561 1189; x_wconf 86' lang='lat' dir='ltr'><em>milibus</em></span> <span class='ocrx_word' id='word_1_55' title='bbox 579 1124 730 1189; x_wconf 89' lang='lat' dir='ltr'><em>talentum</em></span> <span class='ocrx_word' id='word_1_56' title='bbox 748 1124 903 1189; x_wconf 82' lang='lat' dir='ltr'><em>locavisse.</em></span> <span class='ocrx_word' id='word_1_57' title='bbox 937 1123 1001 1189; x_wconf 89' lang='lat' dir='ltr'><em>Per</em></span> <span class='ocrx_word' id='word_1_58' title='bbox 1014 1126 1195 1189; x_wconf 83' lang='lat' dir='ltr'><em>uniuersum</em></span> <span class='ocrx_word' id='word_1_59' title='bbox 1209 1129 1286 1189; x_wconf 88' lang='lat' dir='ltr'><em>certe</em></span> 
     </span>
     <span class='ocr_line' id='line_1_9' title="bbox 257 1207 1286 1297; baseline 0 -18"><span class='ocrx_word' id='word_1_60' title='bbox 257 1216 424 1297; x_wconf 90' lang='lat' dir='ltr'><em>imperium</em></span> <span class='ocrx_word' id='word_1_61' title='bbox 449 1214 549 1295; x_wconf 81' lang='lat' dir='ltr'><em>luperi</em></span> <span class='ocrx_word' id='word_1_62' title='bbox 571 1234 641 1278; x_wconf 90' lang='lat' dir='ltr'><em>eum</em></span> <span class='ocrx_word' id='word_1_63' title='bbox 663 1207 757 1277; x_wconf 77' lang='lat' dir='ltr'><em>iussit</em></span> <span class='ocrx_word' id='word_1_64' title='bbox 776 1218 812 1291; x_wconf 89' lang='lat' dir='ltr'><em>et,</em></span> <span class='ocrx_word' id='word_1_65' title='bbox 835 1234 874 1277; x_wconf 90' lang='lat' dir='ltr'><em>nc</em></span> <span class='ocrx_word' id='word_1_66' title='bbox 892 1214 1043 1278; x_wconf 90' lang='lat' dir='ltr'><em>memoria</em></span> <span class='ocrx_word' id='word_1_67' title='bbox 1061 1215 1129 1279; x_wconf 90' lang='lat' dir='ltr'><em>eius</em></span> <span class='ocrx_word' id='word_1_68' title='bbox 1147 1215 1183 1277; x_wconf 93' lang='lat' dir='ltr'><em>in</em></span> <span class='ocrx_word' id='word_1_69' title='bbox 1200 1234 1286 1279; x_wconf 81' lang='lat' dir='ltr'><em>ecer-</em></span> 
     </span>
     <span class='ocr_line' id='line_1_10' title="bbox 256 1302 1284 1386; baseline -0.002 -17"><span class='ocrx_word' id='word_1_70' title='bbox 256 1307 319 1369; x_wconf 87' lang='lat' dir='ltr'><em>citu</em></span> <span class='ocrx_word' id='word_1_71' title='bbox 337 1304 520 1381; x_wconf 75' lang='lat' dir='ltr'><em>emolesceret,</em></span> <span class='ocrx_word' id='word_1_72' title='bbox 539 1302 699 1384; x_wconf 81' lang='lat' dir='ltr'><em>equitibus,</em></span> <span class='ocrx_word' id='word_1_73' title='bbox 718 1302 831 1383; x_wconf 79' lang='lat' dir='ltr'><em>quibus</em></span> <span class='ocrx_word' id='word_1_74' title='bbox 843 1304 1036 1384; x_wconf 74' lang='lat' dir='ltr'><em>praefuerat,</em></span> <span class='ocrx_word' id='word_1_75' title='bbox 1055 1303 1177 1367; x_wconf 92' lang='lat' dir='ltr'><em>nullum</em></span> <span class='ocrx_word' id='word_1_76' title='bbox 1190 1324 1284 1386; x_wconf 89' lang='lat' dir='ltr'><em>prae-</em></span> 
     </span>
     <span class='ocr_line' id='line_1_11' title="bbox 255 1391 1285 1476; baseline -0.001 -18"><span class='ocrx_word' id='word_1_77' title='bbox 255 1396 331 1475; x_wconf 84' lang='lat' dir='ltr'><em>fecit</em></span> <span class='ocrx_word' id='word_1_78' title='bbox 352 1394 472 1471; x_wconf 88' lang='lat' dir='ltr'><em>ducem,</em></span> <span class='ocrx_word' id='word_1_79' title='bbox 497 1393 553 1456; x_wconf 89' lang='lat' dir='ltr'><em>sed</em></span> <span class='ocrx_word' id='word_1_80' title='bbox 574 1392 817 1474; x_wconf 62' lang='lat' dir='ltr'><em>Hephaestionis</em></span> <span class='ocrx_word' id='word_1_81' title='bbox 840 1392 927 1456; x_wconf 91' lang='lat' dir='ltr'><em>alam</em></span> <span class='ocrx_word' id='word_1_82' title='bbox 951 1391 1108 1476; x_wconf 87' lang='lat' dir='ltr'><em>appellari</em></span> <span class='ocrx_word' id='word_1_83' title='bbox 1129 1392 1226 1457; x_wconf 86' lang='lat' dir='ltr'><em>uoluit</em></span> <span class='ocrx_word' id='word_1_84' title='bbox 1248 1398 1285 1471; x_wconf 90' lang='lat' dir='ltr'><em>ct,</em></span> 
     </span>
     <span class='ocr_line' id='line_1_12' title="bbox 255 1481 1285 1565; baseline 0.001 -19"><span class='ocrx_word' id='word_1_85' title='bbox 255 1504 335 1565; x_wconf 77' lang='lat' dir='ltr'><em>puae</em></span> <span class='ocrx_word' id='word_1_86' title='bbox 356 1483 409 1547; x_wconf 87' lang='lat' dir='ltr'><em>ille</em></span> <span class='ocrx_word' id='word_1_87' title='bbox 431 1483 525 1564; x_wconf 79' lang='lat' dir='ltr'><em>sipha</em></span> <span class='ocrx_word' id='word_1_88' title='bbox 546 1482 739 1559; x_wconf 85' lang='lat' dir='ltr'><em>instituisset,</em></span> <span class='ocrx_word' id='word_1_89' title='bbox 765 1502 802 1545; x_wconf 90' lang='lat' dir='ltr'><em>ea</em></span> <span class='ocrx_word' id='word_1_90' title='bbox 824 1502 888 1545; x_wconf 92' lang='lat' dir='ltr'><em>non</em></span> <span class='ocrx_word' id='word_1_91' title='bbox 911 1483 1075 1547; x_wconf 87' lang='lat' dir='ltr'><em>inmutari.</em></span> <span class='ocrx_word' id='word_1_92' title='bbox 1120 1481 1285 1547; x_wconf 77' lang='lat' dir='ltr'><em>Funebria</em></span> 
     </span>
     <span class='ocr_line' id='line_1_13' title="bbox 257 1570 1284 1652; baseline -0.002 -15"><span class='ocrx_word' id='word_1_93' title='bbox 257 1573 430 1637; x_wconf 83' lang='lat' dir='ltr'><em>certamina</em></span> <span class='ocrx_word' id='word_1_94' title='bbox 453 1571 607 1652; x_wconf 78' lang='lat' dir='ltr'><em>ludosque,</em></span> <span class='ocrx_word' id='word_1_95' title='bbox 635 1570 741 1652; x_wconf 76' lang='lat' dir='ltr'><em>quales</em></span> <span class='ocrx_word' id='word_1_96' title='bbox 762 1591 937 1652; x_wconf 77' lang='lat' dir='ltr'><em>numquam</em></span> <span class='ocrx_word' id='word_1_97' title='bbox 960 1572 1036 1635; x_wconf 90' lang='lat' dir='ltr'><em>editi</em></span> <span class='ocrx_word' id='word_1_98' title='bbox 1055 1572 1198 1652; x_wconf 83' lang='lat' dir='ltr'><em>fuissent,</em></span> <span class='ocrx_word' id='word_1_99' title='bbox 1222 1592 1284 1635; x_wconf 91' lang='lat' dir='ltr'><em>me-</em></span> 
     </span>
     <span class='ocr_line' id='line_1_14' title="bbox 259 1660 1285 1742; baseline -0.003 -15"><span class='ocrx_word' id='word_1_100' title='bbox 259 1664 377 1727; x_wconf 87' lang='lat' dir='ltr'><em>ditatus</em></span> <span class='ocrx_word' id='word_1_101' title='bbox 405 1661 470 1724; x_wconf 90' lang='lat' dir='ltr'><em>tria</em></span> <span class='ocrx_word' id='word_1_102' title='bbox 497 1660 589 1723; x_wconf 88' lang='lat' dir='ltr'><em>milia</em></span> <span class='ocrx_word' id='word_1_103' title='bbox 612 1660 770 1742; x_wconf 77' lang='lat' dir='ltr'><em>artificum</em></span> <span class='ocrx_word' id='word_1_104' title='bbox 794 1661 903 1742; x_wconf 84' lang='lat' dir='ltr'><em>coepit:</em></span> <span class='ocrx_word' id='word_1_105' title='bbox 935 1662 991 1741; x_wconf 79' lang='lat' dir='ltr'><em>qni</em></span> <span class='ocrx_word' id='word_1_106' title='bbox 1012 1680 1076 1725; x_wconf 90' lang='lat' dir='ltr'><em>non</em></span> <span class='ocrx_word' id='word_1_107' title='bbox 1099 1660 1194 1724; x_wconf 89' lang='lat' dir='ltr'><em>multo</em></span> <span class='ocrx_word' id='word_1_108' title='bbox 1214 1665 1285 1741; x_wconf 86' lang='lat' dir='ltr'><em>post</em></span> 
     </span>
     <span class='ocr_line' id='line_1_15' title="bbox 254 1748 1284 1832; baseline -0.002 -16"><span class='ocrx_word' id='word_1_109' title='bbox 254 1752 291 1816; x_wconf 89' lang='lat' dir='ltr'><em>in</em></span> <span class='ocrx_word' id='word_1_110' title='bbox 318 1752 420 1832; x_wconf 86' lang='lat' dir='ltr'><em>ipsius</em></span> <span class='ocrx_word' id='word_1_111' title='bbox 447 1750 585 1832; x_wconf 73' lang='lat' dir='ltr'><em>exequiis</em></span> <span class='ocrx_word' id='word_1_112' title='bbox 611 1755 742 1814; x_wconf 77' lang='lat' dir='ltr'><em>certasse</em></span> <span class='ocrx_word' id='word_1_113' title='bbox 768 1748 946 1813; x_wconf 86' lang='lat' dir='ltr'><em>traduntur.</em></span> <span class='ocrx_word' id='word_1_114' title='bbox 996 1749 1063 1813; x_wconf 88' lang='lat' dir='ltr'><em>Nec</em></span> <span class='ocrx_word' id='word_1_115' title='bbox 1090 1750 1187 1813; x_wconf 83' lang='lat' dir='ltr'><em>amici</em></span> <span class='ocrx_word' id='word_1_116' title='bbox 1217 1755 1284 1814; x_wconf 90' lang='lat' dir='ltr'><em>tam</em></span> 
     </span>
     <span class='ocr_line' id='line_1_16' title="bbox 255 1837 1284 1921; baseline -0.002 -17"><span class='ocrx_word' id='word_1_117' title='bbox 255 1841 352 1921; x_wconf 79' lang='lat' dir='ltr'><em>effuso</em></span> <span class='ocrx_word' id='word_1_118' title='bbox 371 1840 495 1919; x_wconf 85' lang='lat' dir='ltr'><em>adfectu</em></span> <span class='ocrx_word' id='word_1_119' title='bbox 517 1839 561 1902; x_wconf 94' lang='lat' dir='ltr'><em>ad</em></span> <span class='ocrx_word' id='word_1_120' title='bbox 583 1837 815 1903; x_wconf 77' lang='lat' dir='ltr'><em>conciliandam</em></span> <span class='ocrx_word' id='word_1_121' title='bbox 838 1840 905 1903; x_wconf 87' lang='lat' dir='ltr'><em>eius</em></span> <span class='ocrx_word' id='word_1_122' title='bbox 922 1839 1063 1920; x_wconf 82' lang='lat' dir='ltr'><em>pratiam</em></span> <span class='ocrx_word' id='word_1_123' title='bbox 1081 1839 1215 1919; x_wconf 84' lang='lat' dir='ltr'><em>sepnitcr</em></span> <span class='ocrx_word' id='word_1_124' title='bbox 1231 1840 1284 1902; x_wconf 81' lang='lat' dir='ltr'><em>usi</em></span> 
     </span>
     <span class='ocr_line' id='line_1_17' title="bbox 257 1927 1284 2009; baseline -0.002 -16"><span class='ocrx_word' id='word_1_125' title='bbox 257 1930 398 1993; x_wconf 83' lang='lat' dir='ltr'><em>certatim</em></span> <span class='ocrx_word' id='word_1_126' title='bbox 427 1948 599 2009; x_wconf 90' lang='lat' dir='ltr'><em>repperere,</em></span> <span class='ocrx_word' id='word_1_127' title='bbox 623 1948 683 2009; x_wconf 87' lang='lat' dir='ltr'><em>per</em></span> <span class='ocrx_word' id='word_1_128' title='bbox 714 1948 795 2008; x_wconf 75' lang='lat' dir='ltr'><em>anae</em></span> <span class='ocrx_word' id='word_1_129' title='bbox 825 1928 977 1991; x_wconf 89' lang='lat' dir='ltr'><em>memoria</em></span> <span class='ocrx_word' id='word_1_130' title='bbox 1004 1928 1141 2008; x_wconf 80' lang='lat' dir='ltr'><em>defuncti</em></span> <span class='ocrx_word' id='word_1_131' title='bbox 1169 1927 1284 1991; x_wconf 90' lang='lat' dir='ltr'><em>clarior</em></span> 
     </span>
     <span class='ocr_line' id='line_1_18' title="bbox 256 2016 1285 2098; baseline -0.003 -16"><span class='ocrx_word' id='word_1_132' title='bbox 256 2019 494 2098; x_wconf 78' lang='lat' dir='ltr'><em>honoratiorque</em></span> <span class='ocrx_word' id='word_1_133' title='bbox 520 2017 613 2098; x_wconf 69' lang='lat' dir='ltr'><em>fieret.</em></span> <span class='ocrx_word' id='word_1_134' title='bbox 659 2016 817 2081; x_wconf 88' lang='lat' dir='ltr'><em>Eumenes</em></span> <span class='ocrx_word' id='word_1_135' title='bbox 844 2018 942 2098; x_wconf 82' lang='lat' dir='ltr'><em>ipitur</em></span> <span class='ocrx_word' id='word_1_136' title='bbox 969 2037 1039 2080; x_wconf 89' lang='lat' dir='ltr'><em>cum</em></span> <span class='ocrx_word' id='word_1_137' title='bbox 1061 2036 1094 2081; x_wconf 90' lang='lat' dir='ltr'><em>se</em></span> <span class='ocrx_word' id='word_1_138' title='bbox 1115 2016 1151 2080; x_wconf 85' lang='lat' dir='ltr'><em>oh</em></span> <span class='ocrx_word' id='word_1_139' title='bbox 1174 2016 1285 2081; x_wconf 82' lang='lat' dir='ltr'><em>simul-</em></span> 
     </span>
     <span class='ocr_line' id='line_1_19' title="bbox 208 2106 1284 2187; baseline -0.001 -16"><span class='ocrx_word' id='word_1_140' title='bbox 208 2108 210 2110; x_wconf 76' lang='grc'><strong>’</strong></span> <span class='ocrx_word' id='word_1_141' title='bbox 255 2113 348 2171; x_wconf 87' lang='lat' dir='ltr'><em>tatem</em></span> <span class='ocrx_word' id='word_1_142' title='bbox 368 2126 437 2170; x_wconf 88' lang='lat' dir='ltr'><em>eum</em></span> <span class='ocrx_word' id='word_1_143' title='bbox 459 2106 680 2187; x_wconf 87' lang='lat' dir='ltr'><em>Hephaestione</em></span> <span class='ocrx_word' id='word_1_144' title='bbox 697 2106 734 2169; x_wconf 87' lang='lat' dir='ltr'><em>in</em></span> <span class='ocrx_word' id='word_1_145' title='bbox 751 2107 834 2187; x_wconf 82' lang='lat' dir='ltr'><em>repis</em></span> <span class='ocrx_word' id='word_1_146' title='bbox 849 2106 1099 2187; x_wconf 82' lang='lat' dir='ltr'><em>indipnationem</em></span> <span class='ocrx_word' id='word_1_147' title='bbox 1113 2108 1284 2170; x_wconf 75' lang='lat' dir='ltr'><em>incurrisse</em></span> 
     </span>
     <span class='ocr_line' id='line_1_20' title="bbox 254 2195 1284 2276; baseline -0.002 -15"><span class='ocrx_word' id='word_1_148' title='bbox 254 2197 410 2274; x_wconf 87' lang='lat' dir='ltr'><em>sensisset,</em></span> <span class='ocrx_word' id='word_1_149' title='bbox 448 2195 555 2259; x_wconf 89' lang='lat' dir='ltr'><em>multis</em></span> <span class='ocrx_word' id='word_1_150' title='bbox 591 2200 698 2259; x_wconf 89' lang='lat' dir='ltr'><em>auctor</em></span> <span class='ocrx_word' id='word_1_151' title='bbox 727 2195 791 2275; x_wconf 81' lang='lat' dir='ltr'><em>fuit</em></span> <span class='ocrx_word' id='word_1_152' title='bbox 822 2215 912 2276; x_wconf 81' lang='lat' dir='ltr'><em>seque</em></span> <span class='ocrx_word' id='word_1_153' title='bbox 943 2201 971 2259; x_wconf 87' lang='lat' dir='ltr'><em>el</em></span> <span class='ocrx_word' id='word_1_154' title='bbox 1002 2216 1096 2259; x_wconf 91' lang='lat' dir='ltr'><em>arma</em></span> <span class='ocrx_word' id='word_1_155' title='bbox 1127 2215 1187 2259; x_wconf 90' lang='lat' dir='ltr'><em>sua</em></span> <span class='ocrx_word' id='word_1_156' title='bbox 1219 2195 1284 2259; x_wconf 90' lang='lat' dir='ltr'><em>He-</em></span> 
     </span>
     <span class='ocr_line' id='line_1_21' title="bbox 253 2284 1283 2368; baseline 0 -20"><span class='ocrx_word' id='word_1_157' title='bbox 253 2286 430 2368; x_wconf 87' lang='lat' dir='ltr'><em>phaestioni</em></span> <span class='ocrx_word' id='word_1_158' title='bbox 466 2284 667 2349; x_wconf 87' lang='lat' dir='ltr'><em>consecrandi</em></span> <span class='ocrx_word' id='word_1_159' title='bbox 696 2285 909 2365; x_wconf 78' lang='lat' dir='ltr'><em>pecuniasque</em></span> <span class='ocrx_word' id='word_1_160' title='bbox 948 2284 993 2348; x_wconf 93' lang='lat' dir='ltr'><em>ad</em></span> <span class='ocrx_word' id='word_1_161' title='bbox 1023 2284 1283 2349; x_wconf 81' lang='lat' dir='ltr'><em>cohonestandum</em></span> 
     </span>
     <span class='ocr_line' id='line_1_22' title="bbox 252 2372 1283 2456; baseline -0.001 -18"><span class='ocrx_word' id='word_1_162' title='bbox 252 2377 352 2456; x_wconf 83' lang='lat' dir='ltr'><em>funus</em></span> <span class='ocrx_word' id='word_1_163' title='bbox 375 2374 462 2455; x_wconf 81' lang='lat' dir='ltr'><em>torpe</em></span> <span class='ocrx_word' id='word_1_164' title='bbox 484 2373 619 2438; x_wconf 89' lang='lat' dir='ltr'><em>eontulit.</em></span> <span class='ocrx_word' id='word_1_165' title='bbox 657 2372 727 2437; x_wconf 88' lang='lat' dir='ltr'><em>Hoc</em></span> <span class='ocrx_word' id='word_1_166' title='bbox 748 2373 921 2455; x_wconf 76' lang='lat' dir='ltr'><em>exemplum</em></span> <span class='ocrx_word' id='word_1_167' title='bbox 945 2375 1064 2438; x_wconf 89' lang='lat' dir='ltr'><em>imitati</em></span> <span class='ocrx_word' id='word_1_168' title='bbox 1086 2379 1160 2437; x_wconf 90' lang='lat' dir='ltr'><em>sunt</em></span> <span class='ocrx_word' id='word_1_169' title='bbox 1178 2374 1283 2437; x_wconf 87' lang='lat' dir='ltr'><em>ceteri:</em></span> 
     </span>
     <span class='ocr_line' id='line_1_23' title="bbox 255 2463 1284 2545; baseline -0.002 -17"><span class='ocrx_word' id='word_1_170' title='bbox 255 2484 347 2544; x_wconf 81' lang='lat' dir='ltr'><em>eoque</em></span> <span class='ocrx_word' id='word_1_171' title='bbox 365 2465 515 2544; x_wconf 84' lang='lat' dir='ltr'><em>processit</em></span> <span class='ocrx_word' id='word_1_172' title='bbox 536 2463 771 2527; x_wconf 88' lang='lat' dir='ltr'><em>adsentantium</em></span> <span class='ocrx_word' id='word_1_173' title='bbox 788 2464 985 2543; x_wconf 74' lang='lat' dir='ltr'><em>inpudmtim</em></span> <span class='ocrx_word' id='word_1_174' title='bbox 1008 2468 1043 2526; x_wconf 88' lang='lat' dir='ltr'><em>ut</em></span> <span class='ocrx_word' id='word_1_175' title='bbox 1060 2464 1126 2545; x_wconf 79' lang='lat' dir='ltr'><em>cepi</em></span> <span class='ocrx_word' id='word_1_176' title='bbox 1145 2483 1284 2527; x_wconf 90' lang='lat' dir='ltr'><em>macrore</em></span> 
     </span>
     <span class='ocr_line' id='line_1_24' title="bbox 254 2552 1283 2633; baseline -0.002 -16"><span class='ocrx_word' id='word_1_177' title='bbox 254 2558 283 2617; x_wconf 90' lang='lat' dir='ltr'><em>et</em></span> <span class='ocrx_word' id='word_1_178' title='bbox 313 2552 467 2616; x_wconf 67' lang='lat' dir='ltr'><em>dendmo</em></span> <span class='ocrx_word' id='word_1_179' title='bbox 499 2552 637 2633; x_wconf 82' lang='lat' dir='ltr'><em>defuncti</em></span> <span class='ocrx_word' id='word_1_180' title='bbox 664 2553 838 2617; x_wconf 86' lang='lat' dir='ltr'><em>insam&#39;enti</em></span> <span class='ocrx_word' id='word_1_181' title='bbox 865 2572 1051 2633; x_wconf 85' lang='lat' dir='ltr'><em>persuasum</em></span> <span class='ocrx_word' id='word_1_182' title='bbox 1075 2553 1199 2616; x_wconf 89' lang='lat' dir='ltr'><em>tandem</em></span> <span class='ocrx_word' id='word_1_183' title='bbox 1232 2552 1283 2629; x_wconf 85' lang='lat' dir='ltr'><em>sit,</em></span> 
     </span>
     <span class='ocr_line' id='line_1_25' title="bbox 256 2641 1283 2723; baseline 0 -18"><span class='ocrx_word' id='word_1_184' title='bbox 256 2642 348 2706; x_wconf 92' lang='lat' dir='ltr'><em>deum</em></span> <span class='ocrx_word' id='word_1_185' title='bbox 375 2662 438 2706; x_wconf 88' lang='lat' dir='ltr'><em>csse</em></span> <span class='ocrx_word' id='word_1_186' title='bbox 460 2641 728 2723; x_wconf 83' lang='lat' dir='ltr'><em>Hephaestionem.</em></span> <span class='ocrx_word' id='word_1_187' title='bbox 779 2641 845 2721; x_wconf 75' lang='lat' dir='ltr'><em>uuo</em></span> <span class='ocrx_word' id='word_1_188' title='bbox 872 2642 998 2722; x_wconf 79' lang='lat' dir='ltr'><em>quidem</em></span> <span class='ocrx_word' id='word_1_189' title='bbox 1021 2647 1154 2721; x_wconf 89' lang='lat' dir='ltr'><em>tempore</em></span> <span class='ocrx_word' id='word_1_190' title='bbox 1175 2661 1213 2705; x_wconf 83' lang='lat' dir='ltr'><em>eu</em></span> <span class='ocrx_word' id='word_1_191' title='bbox 1236 2660 1283 2705; x_wconf 92' lang='lat' dir='ltr'><em>co-</em></span> 
     </span>
     <span class='ocr_line' id='line_1_26' title="bbox 250 2727 1283 2813; baseline -0.002 -18"><span class='ocrx_word' id='word_1_192' title='bbox 250 2733 383 2813; x_wconf 91' lang='lat' dir='ltr'><em>piarum</em></span> <span class='ocrx_word' id='word_1_193' title='bbox 407 2731 537 2795; x_wconf 77' lang='lat' dir='ltr'><em>ducrhus</em></span> <span class='ocrx_word' id='word_1_194' title='bbox 559 2729 743 2813; x_wconf 79' lang='lat' dir='ltr'><em>Apathocles</em></span> <span class='ocrx_word' id='word_1_195' title='bbox 758 2727 890 2795; x_wconf 83' lang='lat' dir='ltr'><em>Samius</em></span> <span class='ocrx_word' id='word_1_196' title='bbox 912 2732 948 2794; x_wconf 89' lang='lat' dir='ltr'><em>in</em></span> <span class='ocrx_word' id='word_1_197' title='bbox 971 2735 1140 2794; x_wconf 77' lang='lat' dir='ltr'><em>extremum</em></span> <span class='ocrx_word' id='word_1_198' title='bbox 1160 2731 1283 2812; x_wconf 83' lang='lat' dir='ltr'><em>pericu</em></span> 
     </span>
     <span class='ocr_line' id='line_1_27' title="bbox 255 2818 1283 2901; baseline -0.002 -16"><span class='ocrx_word' id='word_1_199' title='bbox 255 2821 321 2885; x_wconf 90' lang='lat' dir='ltr'><em>lum</em></span> <span class='ocrx_word' id='word_1_200' title='bbox 350 2821 445 2900; x_wconf 89' lang='lat' dir='ltr'><em>uenit,</em></span> <span class='ocrx_word' id='word_1_201' title='bbox 479 2822 561 2901; x_wconf 82' lang='lat' dir='ltr'><em>quod</em></span> <span class='ocrx_word' id='word_1_202' title='bbox 584 2821 651 2884; x_wconf 91' lang='lat' dir='ltr'><em>eius</em></span> <span class='ocrx_word' id='word_1_203' title='bbox 674 2819 828 2883; x_wconf 90' lang='lat' dir='ltr'><em>tumulum</em></span> <span class='ocrx_word' id='word_1_204' title='bbox 849 2821 1041 2899; x_wconf 88' lang='lat' dir='ltr'><em>praeteriens</em></span> <span class='ocrx_word' id='word_1_205' title='bbox 1063 2818 1283 2883; x_wconf 84' lang='lat' dir='ltr'><em>inlacrimasse</em></span> 
     </span>
     <span class='ocr_line' id='line_1_28' title="bbox 253 2908 1281 2989; baseline -0.002 -16"><span class='ocrx_word' id='word_1_206' title='bbox 253 2911 340 2974; x_wconf 84' lang='lat' dir='ltr'><em>nisus</em></span> <span class='ocrx_word' id='word_1_207' title='bbox 362 2915 414 2973; x_wconf 88' lang='lat' dir='ltr'><em>est.</em></span> <span class='ocrx_word' id='word_1_208' title='bbox 451 2910 500 2974; x_wconf 86' lang='lat' dir='ltr'><em>Ac</em></span> <span class='ocrx_word' id='word_1_209' title='bbox 522 2910 588 2974; x_wconf 88' lang='lat' dir='ltr'><em>nisi</em></span> <span class='ocrx_word' id='word_1_210' title='bbox 602 2908 772 2973; x_wconf 87' lang='lat' dir='ltr'><em>Perdiccas</em></span> <span class='ocrx_word' id='word_1_211' title='bbox 794 2910 923 2972; x_wconf 85' lang='lat' dir='ltr'><em>cenanti</em></span> <span class='ocrx_word' id='word_1_212' title='bbox 944 2910 1006 2972; x_wconf 84' lang='lat' dir='ltr'><em>sili</em></span> <span class='ocrx_word' id='word_1_213' title='bbox 1019 2908 1281 2989; x_wconf 88' lang='lat' dir='ltr'><em>Hephaestionem</em></span> 
     </span>
     <span class='ocr_line' id='line_1_29' title="bbox 255 2996 1282 3079; baseline 0 -18"><span class='ocrx_word' id='word_1_214' title='bbox 255 3000 442 3079; x_wconf 88' lang='lat' dir='ltr'><em>adparuisse</em></span> <span class='ocrx_word' id='word_1_215' title='bbox 482 3000 644 3063; x_wconf 84' lang='lat' dir='ltr'><em>ementitus</em></span> <span class='ocrx_word' id='word_1_216' title='bbox 673 3019 734 3079; x_wconf 91' lang='lat' dir='ltr'><em>per</em></span> <span class='ocrx_word' id='word_1_217' title='bbox 770 2998 842 3062; x_wconf 90' lang='lat' dir='ltr'><em>deos</em></span> <span class='ocrx_word' id='word_1_218' title='bbox 877 3017 982 3062; x_wconf 89' lang='lat' dir='ltr'><em>omnes</em></span> <span class='ocrx_word' id='word_1_219' title='bbox 1018 2999 1182 3078; x_wconf 80' lang='lat' dir='ltr'><em>ipsumque</em></span> <span class='ocrx_word' id='word_1_220' title='bbox 1217 2996 1282 3061; x_wconf 89' lang='lat' dir='ltr'><em>He-</em></span> 
     </span>
     <span class='ocr_line' id='line_1_30' title="bbox 250 3085 1281 3171; baseline -0.002 -20"><span class='ocrx_word' id='word_1_221' title='bbox 250 3088 463 3171; x_wconf 84' lang='lat' dir='ltr'><em>phaestionem</em></span> <span class='ocrx_word' id='word_1_222' title='bbox 486 3088 657 3165; x_wconf 63' lang='lat' dir='ltr'><em>(immanet,</em></span> <span class='ocrx_word' id='word_1_223' title='bbox 681 3107 719 3151; x_wconf 82' lang='lat' dir='ltr'><em>ec</em></span> <span class='ocrx_word' id='word_1_224' title='bbox 738 3088 806 3167; x_wconf 87' lang='lat' dir='ltr'><em>ipso</em></span> <span class='ocrx_word' id='word_1_225' title='bbox 824 3106 857 3150; x_wconf 89' lang='lat' dir='ltr'><em>se</em></span> <span class='ocrx_word' id='word_1_226' title='bbox 874 3089 1056 3167; x_wconf 82' lang='lat' dir='ltr'><em>capnooisse,</em></span> <span class='ocrx_word' id='word_1_227' title='bbox 1080 3085 1281 3167; x_wconf 81' lang='lat' dir='ltr'><em>Apathoclem</em></span> 
     </span>
     <span class='ocr_line' id='line_1_31' title="bbox 253 3175 1281 3256; baseline -0.004 -14"><span class='ocrx_word' id='word_1_228' title='bbox 253 3197 317 3242; x_wconf 88' lang='lat' dir='ltr'><em>non</em></span> <span class='ocrx_word' id='word_1_229' title='bbox 344 3183 379 3240; x_wconf 91' lang='lat' dir='ltr'><em>ut</em></span> <span class='ocrx_word' id='word_1_230' title='bbox 405 3183 561 3241; x_wconf 88' lang='lat' dir='ltr'><em>mortuum</em></span> <span class='ocrx_word' id='word_1_231' title='bbox 588 3181 618 3240; x_wconf 93' lang='lat' dir='ltr'><em>et</em></span> <span class='ocrx_word' id='word_1_232' title='bbox 637 3196 740 3240; x_wconf 89' lang='lat' dir='ltr'><em>uanae</em></span> <span class='ocrx_word' id='word_1_233' title='bbox 762 3176 942 3240; x_wconf 87' lang='lat' dir='ltr'><em>diuinitatis</em></span> <span class='ocrx_word' id='word_1_234' title='bbox 965 3175 1066 3240; x_wconf 85' lang='lat' dir='ltr'><em>titulis</em></span> <span class='ocrx_word' id='word_1_235' title='bbox 1086 3176 1209 3256; x_wconf 76' lang='lat' dir='ltr'><em>frustra</em></span> <span class='ocrx_word' id='word_1_236' title='bbox 1232 3195 1281 3238; x_wconf 92' lang='lat' dir='ltr'><em>or·</em></span> 
     </span>
     <span class='ocr_line' id='line_1_32' title="bbox 253 3264 1281 3346; baseline -0.002 -16"><span class='ocrx_word' id='word_1_237' title='bbox 253 3272 365 3330; x_wconf 93' lang='lat' dir='ltr'><em>natum</em></span> <span class='ocrx_word' id='word_1_238' title='bbox 387 3265 515 3346; x_wconf 76' lang='lat' dir='ltr'><em>flevisse,</em></span> <span class='ocrx_word' id='word_1_239' title='bbox 538 3286 643 3330; x_wconf 79' lang='lat' dir='ltr'><em>amum</em></span> <span class='ocrx_word' id='word_1_240' title='bbox 660 3270 789 3346; x_wconf 81' lang='lat' dir='ltr'><em>propter</em></span> <span class='ocrx_word' id='word_1_241' title='bbox 812 3266 996 3329; x_wconf 90' lang='lat' dir='ltr'><em>memoriam</em></span> <span class='ocrx_word' id='word_1_242' title='bbox 1009 3265 1171 3345; x_wconf 83' lang='lat' dir='ltr'><em>pristinae</em></span> <span class='ocrx_word' id='word_1_243' title='bbox 1190 3264 1281 3329; x_wconf 92' lang='lat' dir='ltr'><em>soda-</em></span> 
     </span>
     <span class='ocr_line' id='line_1_33' title="bbox 254 3353 1282 3435; baseline -0.002 -16"><span class='ocrx_word' id='word_1_244' title='bbox 254 3355 354 3419; x_wconf 89' lang='lat' dir='ltr'><em>litatis</em></span> <span class='ocrx_word' id='word_1_245' title='bbox 383 3356 533 3419; x_wconf 89' lang='lat' dir='ltr'><em>laorimas</em></span> <span class='ocrx_word' id='word_1_246' title='bbox 555 3375 619 3420; x_wconf 92' lang='lat' dir='ltr'><em>non</em></span> <span class='ocrx_word' id='word_1_247' title='bbox 641 3357 787 3432; x_wconf 87' lang='lat' dir='ltr'><em>tenuisse,</em></span> <span class='ocrx_word' id='word_1_248' title='bbox 820 3355 870 3417; x_wconf 86' lang='lat' dir='ltr'><em>uir</em></span> <span class='ocrx_word' id='word_1_249' title='bbox 890 3355 984 3434; x_wconf 85' lang='lat' dir='ltr'><em>fortis</em></span> <span class='ocrx_word' id='word_1_250' title='bbox 1006 3359 1036 3417; x_wconf 91' lang='lat' dir='ltr'><em>et</em></span> <span class='ocrx_word' id='word_1_251' title='bbox 1057 3353 1096 3417; x_wconf 91' lang='lat' dir='ltr'><em>de</em></span> <span class='ocrx_word' id='word_1_252' title='bbox 1116 3374 1186 3435; x_wconf 78' lang='lat' dir='ltr'><em>repe</em></span> <span class='ocrx_word' id='word_1_253' title='bbox 1209 3353 1282 3417; x_wconf 86' lang='lat' dir='ltr'><em>hene</em></span> 
     </span>
     <span class='ocr_line' id='line_1_34' title="bbox 254 3444 1281 3525; baseline -0.002 -17"><span class='ocrx_word' id='word_1_254' title='bbox 254 3446 382 3508; x_wconf 80' lang='lat' dir='ltr'><em>meiius</em></span> <span class='ocrx_word' id='word_1_255' title='bbox 403 3445 535 3525; x_wconf 88' lang='lat' dir='ltr'><em>pietatis</em></span> <span class='ocrx_word' id='word_1_256' title='bbox 562 3445 598 3508; x_wconf 88' lang='lat' dir='ltr'><em>in</em></span> <span class='ocrx_word' id='word_1_257' title='bbox 625 3445 762 3508; x_wconf 88' lang='lat' dir='ltr'><em>amicum</em></span> <span class='ocrx_word' id='word_1_258' title='bbox 782 3463 895 3525; x_wconf 81' lang='lat' dir='ltr'><em>praees</em></span> <span class='ocrx_word' id='word_1_259' title='bbox 910 3462 1032 3523; x_wconf 90' lang='lat' dir='ltr'><em>poenas</em></span> <span class='ocrx_word' id='word_1_260' title='bbox 1058 3444 1209 3507; x_wconf 74' lang='lat' dir='ltr'><em>innoxius</em></span> <span class='ocrx_word' id='word_1_261' title='bbox 1228 3463 1281 3523; x_wconf 92' lang='lat' dir='ltr'><em>pe·</em></span> 
     </span>
     <span class='ocr_line' id='line_1_35' title="bbox 246 3533 416 3615; baseline -0.012 -18"><span class='ocrx_word' id='word_1_262' title='bbox 246 3533 416 3615; x_wconf 80' lang='lat' dir='ltr'><em>pandisset.</em></span> 
     </span>
    </p>

    <p class='ocr_par' dir='ltr' id='par_1_3' title="bbox 252 3621 1282 3882">
     <span class='ocr_line' id='line_1_36' title="bbox 322 3621 1280 3705; baseline -0.002 -19"><span class='ocrx_word' id='word_1_263' title='bbox 322 3621 464 3687; x_wconf 83' lang='lat' dir='ltr'><em>Celerum</em></span> <span class='ocrx_word' id='word_1_264' title='bbox 491 3627 527 3686; x_wconf 94' lang='lat' dir='ltr'><em>ut</em></span> <span class='ocrx_word' id='word_1_265' title='bbox 547 3622 713 3705; x_wconf 90' lang='lat' dir='ltr'><em>paulisper</em></span> <span class='ocrx_word' id='word_1_266' title='bbox 740 3642 761 3685; x_wconf 91' lang='lat' dir='ltr'><em>a</em></span> <span class='ocrx_word' id='word_1_267' title='bbox 784 3622 868 3686; x_wconf 90' lang='lat' dir='ltr'><em>luctu</em></span> <span class='ocrx_word' id='word_1_268' title='bbox 890 3626 1033 3685; x_wconf 86' lang='lat' dir='ltr'><em>auocaret</em></span> <span class='ocrx_word' id='word_1_269' title='bbox 1054 3622 1212 3699; x_wconf 89' lang='lat' dir='ltr'><em>animum,</em></span> <span class='ocrx_word' id='word_1_270' title='bbox 1244 3622 1280 3685; x_wconf 92' lang='lat' dir='ltr'><em>in</em></span> 
     </span>
     <span class='ocr_line' id='line_1_37' title="bbox 255 3710 1282 3792; baseline -0.002 -17"><span class='ocrx_word' id='word_1_271' title='bbox 255 3710 456 3776; x_wconf 82' lang='lat' dir='ltr'><em>Cossaeorum</em></span> <span class='ocrx_word' id='word_1_272' title='bbox 480 3717 595 3775; x_wconf 86' lang='lat' dir='ltr'><em>temam</em></span> <span class='ocrx_word' id='word_1_273' title='bbox 618 3712 842 3792; x_wconf 77' lang='lat' dir='ltr'><em>expeditionem</em></span> <span class='ocrx_word' id='word_1_274' title='bbox 864 3711 1004 3790; x_wconf 71' lang='lat' dir='ltr'><em>suscepit.</em></span> <span class='ocrx_word' id='word_1_275' title='bbox 1047 3710 1131 3791; x_wconf 80' lang='lat' dir='ltr'><em>Inpa</em></span> <span class='ocrx_word' id='word_1_276' title='bbox 1149 3710 1282 3774; x_wconf 88' lang='lat' dir='ltr'><em>Mediae</em></span> 
     </span>
     <span class='ocr_line' id='line_1_38' title="bbox 252 3799 1281 3882; baseline -0.005 -15"><span class='ocrx_word' id='word_1_277' title='bbox 252 3801 359 3870; x_wconf 78' lang='lat' dir='ltr'><em>uidua</em></span> <span class='ocrx_word' id='word_1_278' title='bbox 384 3799 509 3865; x_wconf 84' lang='lat' dir='ltr'><em>Cossaei</em></span> <span class='ocrx_word' id='word_1_279' title='bbox 532 3805 643 3878; x_wconf 89' lang='lat' dir='ltr'><em>tenent,</em></span> <span class='ocrx_word' id='word_1_280' title='bbox 667 3820 780 3882; x_wconf 86' lang='lat' dir='ltr'><em>aspera</em></span> <span class='ocrx_word' id='word_1_281' title='bbox 804 3805 831 3864; x_wconf 89' lang='lat' dir='ltr'><em>et</em></span> <span class='ocrx_word' id='word_1_282' title='bbox 854 3799 996 3864; x_wconf 84' lang='lat' dir='ltr'><em>bellicosa</em></span> <span class='ocrx_word' id='word_1_283' title='bbox 1018 3805 1046 3863; x_wconf 90' lang='lat' dir='ltr'><em>et</em></span> <span class='ocrx_word' id='word_1_284' title='bbox 1067 3805 1158 3881; x_wconf 89' lang='lat' dir='ltr'><em>rapto</em></span> <span class='ocrx_word' id='word_1_285' title='bbox 1181 3800 1281 3863; x_wconf 84' lang='lat' dir='ltr'><em>maere</em></span> 
     </span>
    </p>
   </div>
   <div class='ocr_carea' id='block_1_3' title="bbox 0 0 1580 4459">
    <p class='ocr_par' dir='ltr' id='par_1_4' title="bbox 0 0 1580 4459">
     <span class='ocr_line' id='line_1_39' title="bbox 0 0 1580 4459; baseline 0 2"><span class='ocrx_word' id='word_1_286' title='bbox 0 0 1580 4459; x_wconf 95' lang='lat' dir='ltr'><em> </em></span> 
     </span>
    </p>
   </div>
  </div>
 </body>
</html>
