3150 4459
310 392 377 456 370
690 392 721 457 Q.
741 393 851 447 CURTI
871 392 957 447 RUFI

309 556 506 639 relinqueret
524 577 669 641 regnum,
688 556 862 639 respondit,
883 558 921 638 ei,
941 557 1096 640 quiesset
1111 556 1280 641 optimus:
1300 579 1347 621 ce

310 649 414 709 terum
439 646 607 729 providere
630 645 692 709 iam
718 666 760 728 se,
784 646 826 709 ob
850 646 883 709 id
907 650 1068 710 certamen
1090 666 1233 731 magnos
1254 647 1349 710 fune·

275 733 384 800 obres
411 735 504 800 ludos
534 735 640 817 parari
664 734 734 798 sibi.
782 734 907 799 Rursus
931 735 1084 799 Perdicca
1108 736 1349 821 interrogante,

311 824 439 907 quando
464 824 615 888 caelestes
639 823 779 888 honores
802 823 915 889 haberi
940 823 1002 888 sibi
1015 826 1126 905 uellet,
1150 824 1249 907 dixit,
1275 829 1349 889 tum

310 915 402 995 velle,
425 934 498 976 cum
521 913 585 996 ipsi
607 912 717 977 felices
741 916 857 976 essent.
905 912 1062 997 Suprema
1083 912 1165 977 haec
1189 936 1259 978 vox
1284 915 1351 979 fuit
1374 941 1384 981 5

310 1003 406 1087 regis,
430 1006 462 1065 et
484 1004 582 1086 paulo
605 1006 681 1085 post
704 1001 914 1086 extinguitur.

276 1110 290 1158 ἰ
378 1089 427 1154 Ac
459 1092 565 1175 primo
598 1092 726 1174 ploratu
754 1091 967 1174 lamentisque
996 1094 1028 1155 et
1055 1090 1244 1175 planctibus
1277 1096 1352 1155 tota
1365 1102 1391 1156 ll

311 1180 401 1265 regia
424 1180 629 1263 personabat:
653 1201 730 1243 mox
752 1181 842 1243 velut
864 1181 899 1243 in
923 1184 1013 1244 vasta
1034 1180 1213 1244 solitudine
1233 1182 1352 1246 omnia

312 1270 398 1332 tristi
413 1268 541 1333 silentio
556 1273 647 1333 muta
661 1269 834 1352 torpebant
845 1269 886 1334 ad
899 1270 1123 1354 cogitationes,
1134 1269 1214 1351 quid
1226 1270 1352 1334 deinde

277 1358 458 1423 afutumm
486 1366 584 1441 esset,
615 1358 725 1422 dolore
749 1379 912 1422 converso.
958 1358 1094 1423 Nobiles
1116 1358 1212 1441 pueri
1236 1364 1385 1431 custo-10

313 1447 383 1510 diae
415 1450 561 1531 corporis
594 1447 663 1510 eius
691 1446 816 1511 adsueti
844 1469 903 1513 nec
932 1447 1052 1512 doloris
1080 1447 1347 1532 magnitudinem

313 1557 426 1620 capere
449 1557 508 1600 nee
531 1558 565 1599 se
588 1536 676 1619 ipsos
700 1536 785 1599 intra
808 1536 1004 1600 vestibulum
1028 1536 1135 1621 regiae
1154 1539 1270 1601 tenere
1290 1560 1350 1621 po·

312 1628 453 1690 tuerunt.
499 1624 648 1710 Vagique
672 1629 705 1687 et
727 1625 910 1690 furentibus
934 1626 1054 1690 similes
1077 1628 1203 1689 tantam
1228 1626 1349 1691 urbem

314 1715 405 1778 luctu
429 1736 466 1779 ao
487 1735 629 1778 maerore
648 1713 876 1797 conpleverant
894 1716 995 1779 nullis
1015 1714 1182 1798 questibus
1202 1716 1349 1798 omissis,

278 1823 394 1887 aquos
425 1804 459 1867 in
488 1803 546 1867 tali
576 1825 652 1867 casu
675 1803 769 1868 dolor
792 1804 950 1888 suggerit:
975 1825 1067 1889 ergo,
1099 1803 1155 1886 qui
1178 1808 1276 1867 extra
1300 1827 1348 1869 re·
1362 1835 1383 1876 ιι

314 1894 400 1978 giam
428 1893 631 1976 adstiterunt,
664 1892 855 1957 Macedones
882 1894 1004 1975 pariter
1028 1892 1235 1977 barbarique,
1271 1915 1348 1958 con-

231 2044 233 2048 .
314 1987 454 2046 currunt.
501 1981 570 2045 Nec
597 1985 749 2066 poterant
771 1982 848 2045 victi
874 2004 893 2045 a
915 1981 1093 2046 victoribus
1116 1982 1151 2045 in
1175 1984 1348 2047 communi

315 2072 425 2135 dolore
449 2071 600 2136 discerni:
624 2070 740 2135 Persae
763 2070 977 2135 iustissimum
1002 2092 1039 2134 ac
1056 2070 1269 2134 mitissimum
1292 2072 1347 2138 do·

315 2162 447 2244 minum,
470 2160 662 2224 Macedones
685 2160 845 2243 optimum
868 2182 905 2223 ac
928 2161 1142 2224 fortissimum
1161 2181 1275 2245 regem
1299 2160 1347 2224 in-

262 2267 295 2315 10
315 2253 467 2313 vocantes
501 2253 661 2312 certamen
693 2248 855 2331 quoddam
885 2249 1039 2313 maeroris
1070 2248 1216 2312 edebant.
1274 2249 1382 2319 Neon

314 2342 510 2402 maestorum
534 2337 648 2419 solum,
672 2337 727 2401 sed
751 2338 849 2402 etiam
873 2338 1112 2423 indignantium
1131 2358 1227 2402 voces
1247 2360 1347 2403 exau-

316 2428 495 2509 diebantur,
522 2429 589 2489 tam
614 2426 749 2491 viridem
773 2432 805 2490 et
829 2427 861 2490 iu
885 2428 965 2491 flore
989 2427 1103 2491 aetatis
1126 2424 1346 2511 fortunaeque

315 2517 437 2581 invidia
460 2516 554 2580 deum
579 2520 723 2598 ereptum
747 2537 816 2579 esse
835 2516 931 2579 rebus
951 2516 1108 2579 humanis.
1147 2514 1253 2601 Vigor
1274 2518 1346 2581 eius

316 2611 348 2670 et
370 2607 479 2670 vultus
508 2604 674 2668 educentis
697 2607 731 2668 in
753 2605 913 2689 proelium
937 2605 1065 2687 milites,
1089 2604 1268 2668 obsidentis
1294 2630 1346 2670 ur-

315 2696 382 2775 beS,
406 2694 569 2757 evadentis
593 2695 627 2757 in
651 2716 769 2770 muros
792 2694 894 2757 fortes
918 2694 1005 2757 viros
1028 2714 1087 2779 pro
1113 2695 1264 2757 contione
1289 2696 1381 2765 do-rr

264 2803 295 2851 11
315 2786 423 2848 nantis
443 2783 654 2847 occurrebant
672 2782 782 2847 oculis.
820 2783 902 2847 Tum
922 2783 1113 2847 Macedones
1133 2782 1262 2846 divinos
1286 2784 1345 2847 ho·

391 3002 403 3048 1
424 2994 572 3063 respondit
590 2997 698 3048 Laucr:
717 2994 871 3061 respondet
890 2999 919 3047 Δ.
1010 3000 1025 3045 2
1044 2992 1191 3061 providere
1211 2995 1344 3050 Modicus:

318 3067 436 3137 prouida
455 3071 484 3118 Δ.
559 3072 574 3118 3
594 3066 701 3135 parari]
720 3081 821 3133 parare
836 3070 866 3117 V.
942 3071 974 3118 12
995 3080 1094 3133 capere
1114 3079 1165 3117 nec
1180 3080 1210 3117 se
1225 3065 1345 3121 Freins-

317 3141 432 3193 hemius:
445 3153 561 3191 oanecse
570 3142 591 3189 B
601 3156 635 3190 ar.
642 3155 696 3205 pr,
711 3137 758 3190 sed
772 3152 841 3190 corr.
852 3138 916 3190 add.
927 3138 959 3191 ia
969 3139 1092 3206 urnrpc'ae
1107 3153 1208 3201 carere,
1224 3153 1346 3192 canense

318 3216 337 3262 L
352 3229 386 3262 sur.
396 3228 451 3278 pr,
470 3209 517 3262 sed
531 3226 599 3263 corr.
615 3209 679 3262 add.
699 3209 730 3261 ia
748 3210 873 3276 marpiue
890 3224 997 3273 canere,
1014 3224 1108 3261 carere
1121 3223 1189 3260 nece
1205 3214 1225 3259 F
1240 3226 1275 3261 m.
1286 3227 1344 3277 pr,

319 3297 413 3335 carere
436 3295 519 3333 nesce
543 3286 563 3331 r
586 3298 669 3345 corr,
693 3294 787 3332 carere
810 3284 841 3331 V.
953 3285 985 3332 14
1009 3279 1147 3349 maerore]
1170 3294 1294 3332 memore
1315 3286 1344 3335 P.

320 3358 353 3405 15
377 3353 458 3421 quos]
484 3368 531 3404 eos
554 3358 582 3404 P.
669 3351 698 3402 in
721 3350 786 3420 tali]
810 3351 840 3402 in
863 3349 966 3403 italir
990 3369 1024 3404 m.
1039 3368 1098 3418 pa,
1122 3349 1225 3402 italis
1249 3368 1284 3403 m.
1295 3370 1343 3420 pr.

321 3430 352 3476 16
373 3423 553 3493 adstiterunt]
574 3423 744 3475 adsisterent
763 3428 796 3486 P,
816 3421 988 3474 adstiterunt
1007 3428 1076 3474 Bm.
1087 3440 1133 3490 pr.
1215 3426 1248 3474 19
1269 3424 1345 3491 opti-

319 3495 407 3565 mum]
427 3494 605 3563 optissimum
624 3500 651 3546 P.
739 3499 773 3546 20
792 3493 939 3563 maeroris]
959 3493 1088 3546 memoris
1107 3498 1134 3545 P.
1223 3498 1257 3545 22
1277 3493 1345 3547 viri-

320 3567 395 3637 dem]
415 3566 537 3617 uicidem
555 3571 623 3618 Pm.
635 3584 680 3633 pr.
773 3571 806 3616 23
826 3564 945 3635 invidia]
965 3564 1056 3617 inuidi
1075 3571 1103 3616 F.
1200 3566 1343 3636 ereptum]

320 3642 446 3706 ereptam
464 3642 499 3702 V,
523 3640 620 3704 erepta
638 3642 666 3688 Ρ.
759 3642 792 3688 25
812 3636 968 3706 evadentis]
995 3635 1147 3688 suadentes
1166 3641 1199 3702 P,
1219 3637 1344 3690 euaden-

320 3713 364 3762 tss
383 3716 410 3762 L.
473 3709 578 3780 muros]
598 3724 690 3761 mures
709 3714 737 3760 P.
797 3708 870 3760 viros
889 3707 952 3777 pro]
971 3707 1047 3760 uiros
1066 3707 1141 3760 uiros
1160 3711 1229 3759 Bm.
1240 3725 1287 3775 pr.

321 3781 463 3850 contione]
483 3780 616 3833 concione
635 3784 665 3832 V.
739 3778 883 3849 donantis]
904 3778 1015 3831 donatis
1035 3786 1060 3831 c.
1153 3818 1155 3822 .
