3150 4459
301 434 344 509 52
679 432 710 498 Q.
730 432 839 487 CURTI
858 433 944 486 RUFI

303 597 424 663 dietum
452 602 510 679 est,
538 601 684 682 paratam
707 598 879 663 circumire
906 618 1017 661 muros
1044 597 1145 661 iubet.
1195 597 1312 682 lamque
1360 620 1362 628 ⁸

302 708 399 751 naves
418 687 491 751 urbi
505 688 648 770 undique
662 688 925 769 admovebantur,
945 689 978 751 et
992 687 1082 769 Tyrii
1098 687 1313 772 desperatione
1359 731 1366 771 ἶ

303 776 485 861 torpebant,
510 799 581 841 cum
601 777 709 841 subito
733 776 856 860 spissae
875 776 977 840 nubes
996 776 1163 841 intendere
1185 799 1221 841 se
1241 776 1313 842 eaelo
1360 823 1365 861 ¹,

303 871 344 948 et,
373 865 529 950 quidquid
556 866 639 929 lucis
662 865 881 947 internitebat,
910 866 1012 929 offusa
1040 865 1183 951 caligine
1208 866 1314 931 extine
1362 913 1366 951 ,

253 973 284 1020 17
304 959 373 1020 tum
411 959 467 1020 est.
527 955 609 1020 Tum
641 955 864 1019 inhorrescens
900 977 988 1019 mare
1020 954 1180 1039 paulatim
1219 956 1315 1038 levari,
1362 1003 1366 1041 ἑ

305 1044 418 1109 deinde
442 1046 564 1110 acriore
587 1048 683 1109 vento
708 1045 906 1110 concitatum
929 1045 1046 1108 fluctus
1071 1044 1156 1109 ciere
1187 1049 1222 1109 et
1244 1047 1317 1109 inter
1363 1069 1366 1125 5

306 1156 339 1198 se
358 1135 487 1218 navigia
506 1133 676 1200 conlidere.
721 1132 855 1218 Iamque
874 1133 976 1198 scindi
992 1138 1170 1217 coeperunt
1190 1134 1317 1218 vincula,
1364 1160 1366 1219 ι

306 1223 423 1308 quibus
452 1244 590 1287 conexae
618 1222 836 1308 quadriremes
865 1226 969 1308 erant,
997 1244 1090 1287 ruere
1118 1223 1268 1289 tabulate
1292 1227 1318 1286 et

306 1334 377 1377 curu
403 1313 528 1398 ingenti
551 1314 681 1397 fragore
709 1313 743 1376 in
766 1312 963 1396 profundum
987 1334 1093 1377 secum
1119 1312 1244 1379 milites
1266 1318 1318 1378 tra·

254 1418 287 1466 18
306 1402 391 1466 here.
437 1401 551 1486 Neque
580 1404 665 1467 enim
694 1406 842 1467 conserta
868 1402 999 1488 navigia
1025 1401 1093 1466 ulla
1117 1423 1180 1487 ope
1206 1403 1240 1467 in
1262 1406 1318 1467 tur·

307 1492 382 1555 bido
406 1492 476 1575 regi
499 1494 663 1575 poterant:
692 1491 784 1555 miles
808 1491 988 1556 ministeria
1010 1495 1196 1577 nautarum,
1222 1513 1319 1557 remex

306 1580 420 1645 mihtis
443 1580 551 1646 officia
573 1580 735 1662 turbabat,
759 1584 800 1661 et,
824 1581 911 1664 quod
938 1581 973 1645 in
995 1581 1155 1645 eiusmodi
1180 1602 1258 1647 casu
1280 1601 1320 1645 ae·

307 1669 394 1752 cidit,
426 1670 521 1753 periti
559 1669 680 1757 ignaris
713 1670 878 1754 parebant.
935 1669 1061 1753 Quippe
1093 1669 1320 1757 gubernatores

307 1758 386 1823 alias
414 1761 570 1843 imperare
598 1760 686 1824 soliti
714 1764 784 1823 tum
816 1763 904 1824 metu
932 1760 1047 1824 mortis
1076 1759 1165 1824 iussa
1195 1781 1321 1845 eraque

307 1850 433 1913 bantur.
480 1848 621 1913 Tandem
649 1850 746 1913 remis
768 1850 965 1932 pertinacius
989 1849 1215 1915 everberatum
1243 1871 1321 1914 mare

308 1939 408 2002 veluti
432 1938 641 2022 eripientibus
669 1938 799 2024 navigia
823 1937 966 2003 classicis
990 1938 1099 2022 cessit,
1128 1939 1322 2023 adpulsaque

309 2032 384 2092 sunt
407 2026 496 2092 litori
518 2029 658 2092 lacerata
680 2026 842 2111 pleraque.

256 2134 288 2182 19
375 2115 479 2181 Isdem
512 2117 597 2181 forte
630 2116 743 2181 diebus
778 2115 1094 2202 Carthaginiensium
1123 2117 1228 2202 legati
1257 2133 1323 2182 xxx

309 2209 548 2290 superveniunt,
571 2208 674 2291 magis
699 2206 839 2271 obsessis
858 2205 1015 2271 solacium
1039 2228 1137 2289 quam
1161 2206 1323 2272 auxilinm.

309 2294 436 2380 Quippe
467 2296 643 2361 domestico
674 2295 759 2359 bello
789 2294 917 2360 Poenos
947 2296 1085 2380 inpediri
1115 2316 1174 2360 nec
1207 2296 1249 2361 de
1275 2296 1325 2360 im·

255 2401 289 2449 2ο
309 2386 409 2469 perio,
432 2385 487 2449 sed
510 2408 569 2469 pro
593 2385 677 2450 salut
679 2408 696 2450 e
716 2386 868 2449 dimicare
886 2384 1087 2450 nuntiabant.
1136 2384 1325 2469 Syracusani

308 2478 378 2539 tum
399 2473 543 2539 Africam
562 2475 699 2539 urebant
717 2479 749 2538 et
767 2475 854 2538 haud
872 2474 985 2559 procul
1005 2473 1213 2577 Carthaginis
1231 2474 1326 2539 muris

309 2566 494 2628 locaverant
517 2568 586 2629 cast
587 2586 631 2629 ra.
677 2562 754 2628 Non
781 2567 891 2628 tamen
919 2563 1062 2629 defecere
1090 2563 1208 2628 animis
1233 2563 1326 2649 Tyrii,

311 2676 506 2738 quamquam
525 2654 565 2718 ab
584 2654 709 2739 ingenti
729 2675 785 2736 spe
805 2654 885 2718 desti
888 2653 952 2716 tuti
972 2657 1072 2736 erant,
1096 2654 1151 2717 sed
1175 2653 1327 2739 coniuges

309 2742 494 2826 liberosque
508 2742 710 2808 devehendos
727 2740 802 2806 Cart
789 2742 954 2828 thaginem
972 2704 1183 2827 tradiderunt,
1202 2742 1327 2825 fortius,

311 2832 468 2916 quidquid
500 2832 667 2915 accideret,
700 2833 806 2915 laturi,
839 2835 866 2895 si
891 2832 1089 2896 carissimam
1123 2833 1173 2895 sui
1206 2836 1327 2916 partem

258 2937 289 2986 21
312 2926 403 2986 extra
431 2926 550 2987 sortem
574 2922 753 2986 communis
781 2921 916 3004 periculi
940 2920 1138 2986 habuissent.
1185 2919 1329 3005 Cumque

312 3033 395 3075 unus
426 3034 443 3075 e
474 3012 598 3076 civibus
629 3013 664 3075 in
694 3011 845 3074 contione
877 3009 1058 3094 indicasset,
1089 3009 1232 3076 oblatam
1264 3030 1330 3073 esse

311 3124 369 3184 per
388 3122 536 3166 somnum
561 3101 624 3164 sibi
643 3101 782 3184 speciem
802 3098 975 3184 Apollinis,
999 3121 1093 3183 quem
1118 3099 1240 3164 eximia
1261 3098 1330 3163 reli·

312 3191 408 3275 gione
436 3190 591 3274 colerent,
619 3190 729 3254 urbem
764 3188 939 3254 deserentis
972 3189 1155 3274 molemque
1187 3210 1208 3253 a
1231 3188 1332 3254 Mace
1341 3201 1366 3250 ιιι

385 3409 400 3454 2
420 3404 517 3475 naves]
531 3402 648 3456 nauisc
704 3402 825 3457 loffirsa
842 3401 1010 3457 Gronovius·
1026 3401 1154 3455 effusas
1212 3406 1229 3454 8
1244 3400 1333 3486 ruere]

312 3479 427 3528 uerev.
494 3481 525 3528 11
545 3473 618 3545 regi]
637 3489 704 3543 rege
722 3480 742 3526 P
762 3492 795 3527 ιιι.
806 3491 851 3542 ρι
916 3480 948 3528 12
969 3475 1047 3544 casu]
1067 3477 1198 3527 causaB.
1262 3471 1335 3528 acci·

314 3545 368 3616 dit]
388 3545 534 3599 aceeditP
552 3564 587 3600 ιιι.
597 3562 642 3613 pr.
700 3550 733 3599 15
753 3545 891 3628 Tandem]
910 3545 1045 3598 Tamdem
1064 3550 1092 3597 P
1147 3544 1334 3615 pertinacius]

313 3617 525 3684 pertinatiusP.
581 3622 613 3670 21
636 3616 805 3684 Syracusani
824 3616 930 3670 Laeter:
958 3616 1162 3670 siracusanih.
1220 3621 1256 3670 22
1275 3632 1335 3670 ure·

313 3687 395 3760 bant]
414 3688 594 3743 uerebantb.
673 3687 865 3772 Carthaginis]
890 3688 1043 3758 cartaginis
1061 3694 1093 3755 V,
1112 3686 1193 3741 chart
1181 3687 1290 3757 taginis
1309 3691 1335 3740 B

315 3765 349 3813 26
364 3759 498 3830 Carthagi
468 3760 604 3885 ginem]at
590 3760 763 3830 cartaginem
775 3764 856 3813 an.
914 3765 946 3812 27
962 3757 1335 3830 habuissent]habuissett

316 3837 349 3883 28
369 3831 590 3903 oblatam]a
525 3831 560 3885 ab
592 3835 696 3885 tamI..
771 3838 804 3885 29
823 3831 971 3901 religione]
991 3831 1178 3900 relegionsP.
