3150 4459
293 439 362 504 320
674 438 706 503 u.
726 438 838 494 cumi
855 439 943 493 ausi

293 604 406 667 datum
430 613 493 668 est:
515 604 614 667 tertio
636 604 689 667 die
711 604 870 686 processit
892 603 1039 688 exigique
1060 602 1252 669 duodecim
1270 625 1334 669 atat

294 692 511 776 exquadrata
528 715 618 774 saxu,
640 697 888 756 monumentum
909 692 1129 775 expeditionis
1150 716 1250 770 auae,
1273 716 1333 757 mu

294 782 438 846 nimenta
473 804 603 865 quoque
636 788 819 845 castrorum
852 782 951 844 iuuit
978 781 1112 845 extendi
1144 782 1335 867 mbiliaque

293 873 463 955 amplioris
485 874 608 935 formae
631 894 729 954 quam
756 892 817 953 pro
839 891 1012 953 corpomm
1034 870 1158 934 habitu
1182 872 1335 955 relinqui,

294 967 332 1025 ut
345 964 486 1043 speciem
501 962 647 1024 omnium
662 969 807 1045 augeret
818 961 1004 1042 posteritati
1015 960 1119 1023 fallax
1132 961 1335 1027 miraeulum
1354 988 1360 1028 s

319 1072 373 1113 rae
492 1102 500 1112 .

240 1073 317 1205 top
363 1071 631 1221 liiiiniepetens,
654 1160 737 1220 quae
759 1160 911 1201 emensus
933 1142 1013 1218 erat,
1034 1137 1076 1199 ad
1098 1138 1235 1204 {lumen
1258 1141 1335 1205 Ace

295 1230 388 1293 sinen
417 1227 504 1292 locat
526 1233 639 1291 matra.
685 1225 738 1290 lbi
759 1228 846 1290 forte
869 1225 998 1291 Coenus
1019 1226 1139 1291 morbo
1164 1232 1335 1296 extinctus

295 1323 358 1382 est:
388 1318 481 1380 euius
503 1322 609 1379 morte
631 1316 792 1401 ingemuit
815 1316 947 1399 quidem
968 1338 1040 1398 rex,
1071 1316 1200 1383 adiecit
1224 1325 1335 1385 taunen

295 1413 431 1491 propter
458 1427 580 1489 paucos
607 1405 675 1468 dies
703 1405 836 1490 longam
860 1407 1041 1469 orationem
1063 1427 1141 1469 eum
1166 1429 1361 1491 exuranma

241 1513 276 1561 21
296 1501 462 1577 tamquam
498 1494 587 1558 eolus
621 1494 843 1558 Macedoniam
875 1496 1005 1559 visurus
1036 1499 1133 1559 emet.
1192 1496 1272 1562 lum
1304 1500 1336 1563 in

296 1606 382 1667 aqua
408 1583 534 1665 classis,
566 1605 664 1666 quam
691 1584 855 1648 aedificari
884 1585 1034 1665 iusserat,
1065 1584 1190 1649 what
1246 1586 1336 1652 Inter

295 1672 376 1738 haec
394 1673 548 1736 Memnon
570 1694 610 1736 ex
628 1671 765 1735 Thracia
787 1674 823 1736 in
845 1672 1108 1757 supplementum
1130 1676 1295 1758 equitum
1315 1696 1337 1739 v

296 1761 402 1843 milia,
434 1768 563 1845 praeter
588 1784 643 1825 eos
671 1761 714 1824 ab
737 1760 881 1845 Harpalo
909 1762 1055 1845 peditum
1077 1780 1129 1825 vn
1160 1766 1264 1830 milia
1286 1767 1336 1831 ad-

297 1852 431 1915 duxerat
455 1873 609 1933 armaque
631 1869 704 1914 xxv
727 1850 861 1915 milibus
883 1873 963 1915 auro
985 1856 1019 1913 et
1040 1856 1183 1937 argento
1207 1856 1361 1922 caelatas

242 1956 279 2005 22
297 1942 484 2025 pertulerat.
517 1939 596 2015 Quis
615 1940 800 2004 distributis
817 1945 928 2004 vetera
945 1942 1083 2004 cremari
1099 1942 1211 2006 iussit
1243 1944 1336 2011 Mille

297 2030 438 2114 navigiis
461 2029 608 2093 aditurus
623 2027 786 2093 Oceanum
811 2029 1040 2112 discordesque
1062 2033 1096 2094 et
1117 2035 1239 2097 vetera
1263 2036 1337 2099 odia

298 2124 509 2183 retractantes
533 2118 654 2182 Porum
682 2125 715 2181 et
739 2118 889 2200 Taxilen,
911 2117 1023 2181 indiae
1045 2141 1155 2203 reges,
1180 2122 1336 2189 firmatae

297 2228 356 2293 per
383 2208 583 2272 adfinitatem
610 2210 734 2293 gratiae
761 2208 896 2291 reliquit
917 2209 952 2271 in
975 2209 1043 2271 suia
1064 2209 1178 2293 regnis
1202 2233 1336 2296 summo

244 2312 280 2361 23
298 2299 334 2361 in
361 2297 560 2361 aedificanda
588 2298 690 2360 classe
717 2297 887 2361 amborum
916 2296 1024 2361 studio
1053 2319 1141 2361 usus.
1201 2298 1363 2387 Oppidas

299 2408 428 2470 quoque
461 2386 525 2450 duo
558 2386 718 2449 condidit:
750 2408 890 2469 quorum
923 2386 1061 2449 alterum
1085 2385 1251 2454 Nicaeam
1283 2415 1336 2476 ap-

298 2477 442 2559 pellavit,
465 2476 602 2538 alterum
626 2475 822 2559 Bucephala,
845 2476 929 2558 equi,
956 2497 1053 2559 quem
1076 2477 1249 2563 amiserat,
1273 2503 1336 2545 me

243 2581 280 2629 24
298 2566 421 2628 moriae
444 2586 482 2628 ac
504 2566 628 2627 nomini
652 2565 803 2628 dedicans
827 2564 949 2628 urbem.
995 2564 1194 2648 Elephantis
1216 2569 1337 2635 deinde

299 2659 331 2717 et
364 2653 592 2738 inpedimentis
623 2659 709 2717 terra
738 2654 830 2738 aequi
861 2654 957 2717 iussis
987 2655 1129 2720 secundo
1156 2678 1262 2723 amne
1287 2660 1338 2724 de

299 2742 395 2806 fluxit
426 2743 639 2827 quadraginta
674 2743 775 2806 ferme
806 2743 910 2806 stadia
939 2743 1078 2827 siugulis
1108 2744 1228 2810 diebus
1263 2771 1364 2833 pres

374 2980 386 3022 1
407 2971 504 3042 tertio]
523 2972 611 3024 tercio
630 2978 659 3025 P.
751 2972 879 3041 erigique
898 2972 1068 3026 Frobeniia:
1093 2975 1212 3043 aragia
1231 2978 1289 3045 qui
1306 2985 1336 3032 a

301 3048 317 3095 2
338 3045 552 3095 monumentum
576 3044 743 3097 Frobem'ua:
771 3043 979 3096 munimentum
1002 3048 1033 3097 a
1125 3047 1336 3121 expeditionis]

299 3114 493 3182 expedicionis
511 3119 558 3167 PL
571 3132 606 3168 m.
620 3133 673 3182 pr„
692 3116 825 3182 expedite
845 3115 906 3169 onis
924 3120 945 3166 P
959 3133 993 3167 m.
1005 3133 1051 3184 pr.
1138 3118 1335 3193 munimenta]

299 3186 474 3238 monimenta
496 3192 524 3238 P.
631 3194 647 3240 5
666 3186 802 3256 speciem]
826 3186 947 3255 spetiem
965 3192 994 3237 P.
1100 3192 1117 3239 6
1141 3194 1335 3264 praeparans]

299 3273 440 3325 apparens
458 3262 528 3311 lim,
542 3275 584 3325 pr.
653 3264 668 3309 ‘1
687 3258 829 3328 repetens]
848 3261 980 3325 repentes
998 3262 1068 3311 Bm.
1078 3276 1126 3327 pr.
1145 3262 1167 3310 B
1182 3278 1219 3313 m.
1231 3280 1282 3330 pr.

300 3329 440 3382 Acesinen
453 3331 553 3397 scripsi
558 3351 564 3381 ε
585 3329 758 3382 accestimen
771 3335 800 3395 P,
815 3328 1002 3382 ·acaestimem
1016 3334 1076 3393 BP,
1091 3329 1265 3388 aceatimem
1279 3340 1334 3388 LV.

300 3405 318 3453 8
338 3398 446 3452 Coenus
465 3401 568 3454 Aldus:
588 3417 696 3468 poenus
709 3405 741 3453 Δ.
810 3406 843 3453 12
858 3401 935 3454 Inter
953 3400 1024 3453 haec
1040 3401 1162 3455 Giunta:
1183 3402 1217 3456 in
1230 3403 1292 3461 hae
1304 3411 1333 3460 a

303 3477 336 3524 13
356 3470 477 3524 Thracia
507 3472 598 3525 tracia
616 3477 662 3523 FP
677 3490 711 3525 m.
724 3490 778 3541 pr„
798 3472 906 3525 thratia
919 3477 940 3522 1.
953 3490 1050 3539 ηιμ,
1069 3472 1165 3525 hretia
1174 3478 1208 3527 V.
1268 3495 1334 3546 eup-

302 3542 475 3611 plementum
507 3542 716 3611 suplementum
733 3549 762 3596 P.
826 3562 845 3597 v
863 3542 955 3613 milia]
974 3562 993 3597 v
1012 3549 1037 3597 G.
1099 3550 1133 3596 14
1153 3543 1288 3615 Harpalo
1306 3555 1333 3601 1:

301 3612 452 3682 harpelol
467 3614 575 3685 [arpelo
585 3619 606 3666 B
615 3631 650 3668 m.
658 3615 724 3685 pr.].
777 3621 811 3667 15
826 3634 880 3667 xxv
890 3614 1006 3668 milibus
1018 3616 1198 3685 Maduiyiaa:
1209 3636 1296 3673 xxva
1304 3626 1334 3673 a

304 3689 336 3738 19
365 3685 482 3754 reliquit
500 3692 525 3738 1:
549 3686 673 3753 reliquid
695 3692 728 3751 P,
752 3685 890 3754 relinquit
907 3690 962 3752 BL,
984 3686 1129 3753 relinquid
1148 3692 1169 3739 P
1189 3705 1227 3742 m.
1238 3707 1290 3760 pr.
1303 3697 1333 3745 V.

302 3762 338 3809 20
357 3757 515 3827 amborum]
540 3758 671 3810 arborum
690 3764 719 3811 P.
798 3758 876 3828 usus]
899 3774 964 3811 usos
988 3764 1016 3811 P.
1109 3762 1143 3811 22
1163 3758 1335 3831 Bucephala

301 3830 413 3897 scripsi:
435 3829 625 3896 bucephalam
643 3834 665 3880 Δ
684 3828 860 3901 [bucefalum
878 3828 921 3898 V].
