3150 4459
315 446 383 511 280
506 382 513 393 '
694 446 727 511 Q.
747 447 857 501 cunr]
876 446 963 500 RUFI

315 610 441 674 utinam
463 632 530 675 non
553 612 713 697 coegisset
735 632 787 674 me
810 611 873 675 sibi
895 612 1002 676 irasci!
1026 613 1118 676 ouius
1136 614 1356 678 temerariam

279 698 599 854 illm&
601 700 1139 892 insanissimus
1151 701 1356 892 iffi

316 878 487 943 clementia
509 900 574 942 non
598 880 633 942 in
656 880 801 963 ipsorum
824 879 932 963 modo,
955 880 1012 943 sed
1030 879 1158 943 etiam
1148 902 1183 943 ιιι
1204 881 1356 965 illorum,

316 970 372 1051 qui
395 969 551 1052 parent,
543 968 682 1054 ingeniis
705 969 769 1032 sita
791 974 849 1032 est
886 932 1056 1072 Obsequio
1069 970 1305 1053 mitigantur'
1294 994 1356 1035 1m-
1381 1002 1392 1041 ι

314 1058 417 1159 ἕκτη·
446 1057 505 1122 ubi
531 1079 609 1122 sero
637 1059 816 1121 reverentia
843 1059 982 1123 excessit
1004 1060 1121 1122 animis
1153 1063 1187 1122 et
1219 1082 1357 1125 summa

315 1146 391 1211 imis
424 1146 679 1230 confunduntur,
711 1146 744 1209 vi
777 1169 860 1231 opus
892 1152 955 1230 est,
986 1153 1025 1211 ut
1046 1148 1113 1211 vim
1135 1152 1356 1231 repellamus.

279 1255 296 1301 9
316 1234 380 1299 Sed
403 1236 483 1319 quid
507 1258 569 1323 ego
592 1237 692 1300 mirer
711 1236 812 1300 istum
830 1200 1055 1301 crudelitatem
1073 1236 1156 1300 mibi
1175 1237 1356 1325 obiecisse,
1370 1250 1397 1305 ιι

315 1326 372 1409 qui
405 1325 573 1389 avaritiam
606 1325 802 1409 exprobrare
829 1347 928 1389 ausus
960 1326 1025 1390 sit?
1074 1325 1161 1389 Nolo
1192 1328 1355 1413 singulos

315 1418 458 1478 vestrum
483 1415 632 1496 excitare,
655 1436 696 1477 ne
719 1414 856 1479 invisam
881 1415 963 1479 mibi
981 1415 1211 1479 liberalitatem
1237 1440 1354 1482 meam
1368 1450 1391 1489 n

314 1504 441 1587 boiam,
473 1503 501 1567 si
523 1503 641 1587 pudori
665 1508 772 1568 vestro
795 1525 928 1591 gravem
950 1505 1065 1569 fecero.
1111 1504 1237 1569 Totum
1257 1528 1354 1572 exer·

314 1593 416 1656 citum
439 1593 608 1677 adspicite:
632 1594 688 1676 qui
711 1594 810 1677 paulo
833 1598 909 1657 aute
928 1594 1013 1658 nihil
1030 1599 1159 1677 praeter
1177 1616 1273 1659 arma
1293 1598 1354 1661 ha

314 1682 420 1767 bebat,
438 1704 525 1746 nunc
544 1684 706 1768 argenteis
724 1683 823 1747 cubat
837 1683 940 1765 lectis,
957 1706 1086 1747 mensas
1100 1705 1180 1747 auro
1195 1691 1352 1772 onerant,

314 1793 480 1836 servorum
504 1792 620 1857 greges
643 1772 778 1855 ducunt,
810 1772 916 1856 spolia
943 1772 983 1836 de
1005 1772 1155 1837 hostibus
1179 1774 1352 1841 sustinere

262 1876 295 1926 ιο
313 1883 380 1926 non
399 1865 544 1946 possunt.
581 1861 627 1924 At
645 1862 732 1926 euim
745 1860 874 1944 Persae,
897 1884 979 1946 quos
998 1862 1145 1945 vicimus,
1167 1863 1201 1925 in
1221 1886 1351 1950 magno
1366 1896 1389 1936 u

314 1951 439 2015 honore
457 1956 534 2014 sunt
551 1950 638 2034 apud
655 1953 720 2015 me!
744 1952 835 2016 Mihi
849 1951 980 2034 quidem
999 1951 1233 2016 moderationis
1253 1976 1352 2019 meae

315 2040 531 2104 certissimum
545 2040 700 2104 indicium
716 2044 775 2125 est,
789 2040 878 2125 quod
890 2063 931 2105 ne
945 2041 1040 2105 victis
1055 2040 1185 2124 quidem
1203 2044 1351 2125 superbe

315 2129 448 2213 impero.
493 2128 578 2193 Veni
605 2130 693 2193 enim
715 2130 750 2192 in
772 2129 900 2214 Asiam,
932 2151 999 2194 non
1021 2135 1059 2193 ut
1081 2129 1231 2193 funditus
1256 2152 1351 2197 ever·

314 2222 416 2282 torem
447 2222 560 2303 gentes
589 2240 649 2282 noc
676 2223 714 2282 ut
741 2218 909 2284 dimidiam
932 2223 1058 2303 partem
1081 2224 1243 2283 terrarum
1267 2223 1350 2286 soli·

314 2307 460 2371 tudinem
483 2307 635 2392 facerem,
659 2307 715 2371 sed
738 2312 776 2372 ut
799 2308 888 2394 illos,
912 2330 995 2392 quos
1018 2308 1104 2373 bello
1128 2309 1348 2396 subegissem,
1362 2341 1385 2381 ιι

262 2412 293 2461 ιι
314 2396 468 2461 victoriae
490 2419 580 2461 meae
603 2418 669 2461 non
694 2397 882 2481 paeniteret.
928 2396 1042 2481 Itaque
1065 2398 1208 2462 militant
1234 2399 1348 2465 vobis-

314 2507 401 2570 cum,
433 2508 493 2570 pro
516 2486 654 2570 imperio
677 2491 786 2551 vestro
811 2487 1001 2573 sanguinem
1024 2486 1179 2571 fundunt,
1208 2489 1267 2570 qui
1292 2511 1347 2553 su-

313 2575 412 2659 perbe
434 2575 540 2640 habiti
562 2576 781 2641 rebellassent.
818 2575 895 2641 Non
919 2581 968 2641 est
991 2576 1144 2640 diuturna
1166 2579 1347 2662 possessio,

313 2665 348 2728 in
372 2686 469 2749 quam
492 2664 601 2750 gladio
625 2665 821 2729 inducimur:
845 2665 1076 2730 beneficiorum
1097 2666 1202 2752 gratia
1221 2669 1345 2753 sempi-

261 2771 294 2819 12
313 2758 406 2819 terna
425 2759 482 2818 est.
516 2753 552 2819 Si
570 2754 689 2819 habore
704 2755 826 2839 Asiam,
844 2776 911 2819 non
929 2755 1067 2819 transire
1085 2754 1245 2837 volumus,
1265 2776 1344 2821 cum
1359 2787 1382 2827 ιι

313 2843 366 2908 his
394 2844 660 2909 communicanda
687 2848 737 2909 est
762 2849 875 2909 nostra
903 2844 1087 2926 clementia:
1117 2844 1234 2909 horum
1258 2846 1344 2911 fides

385 2983 541 3068 ιᾱιιιιίιιι]
561 2982 671 3037 diucius
690 2990 721 3038 V.
805 2984 1003 3067 lolementia]
1023 2984 1178 3039 clemencia
1196 2990 1227 3037 V.
1312 2987 1343 3040 in

313 3055 478 3139 ipsorum]
469 3072 596 3127 rpsorum
610 3061 663 3110 (ιΒ.
725 3056 824 3127 etiam]
843 3056 933 3110 eciam
951 3061 982 3109 V
1038 3056 1243 3140 treverentia]
1263 3074 1343 3112 rave·

314 3127 410 3181 rencia
427 3132 458 3181 V.
533 3133 548 3180 '1
568 3126 778 3181 confunduntur
798 3129 988 3183 Meuaniae.
1008 3127 1205 3183 confundimus
1225 3132 1284 3183 AB.

314 3199 383 3271 vim]
398 3204 502 3253 oumlt
553 3198 818 3283 8m1rer]m1serB
870 3198 1080 3270 crudelitatem]
1095 3198 1341 3255 credulitatemlt.

314 3277 330 3326 9
352 3270 696 3396 avaut1am]auariciam
722 3276 804 3323 PAV.
922 3271 1103 3354 exprobrare]
1129 3269 1283 3339 exprobare
1308 3277 1341 3326 Β.

315 3347 347 3396 12
362 3341 488 3397 habebat
529 3341 693 3396 ababantV.
745 3346 778 3395 13
788 3343 913 3413 mensas]
924 3342 1103 3397 menust
1109 3360 1155 3412 pr.
1206 3345 1341 3429 onerant]

312 3413 463 3486 honorant]
488 3342 628 3467 bonarant
652 3418 681 3467 P
769 3419 803 3467 16
822 3414 900 3483 apud
918 3419 976 3468 mc!
998 3415 1074 3469 Mihi
1092 3413 1207 3483 quidem
1224 3415 1341 3484 ocupa:

313 3485 390 3568 apud
403 3502 449 3538 ma
463 3485 623 3553 quidemA,
643 3483 759 3553 quidem
773 3486 851 3555 apud
865 3502 910 3539 me
924 3491 955 3538 Β.
1011 3484 1226 3556 moderationis]
1240 3486 1341 3541 mode-

312 3555 435 3611 racionis
454 3561 485 3610 V
591 3557 682 3628 meae]
705 3572 768 3610 mae
792 3561 822 3609 Β
920 3561 952 3609 17
976 3556 1127 3640 indicium]
1150 3555 1287 3610 iuditium
1305 3563 1338 3612 Β.

315 3633 348 3683 18
363 3627 472 3699 Asiam]
491 3627 597 3682 assiam
610 3633 640 3681 Β.
699 3634 732 3681 19
747 3627 896 3681 dimidiam
909 3630 1065 3697 partemlt:
1081 3627 1201 3681 dimidia
1214 3631 1297 3697 parte
1307 3634 1339 3682 A.

314 3705 348 3752 ιο
367 3716 438 3769 quos
456 3699 531 3754 bello
549 3715 601 3754 om.
615 3704 646 3753 Β.
720 3699 907 3782 subegissem]
927 3700 1106 3769 subegissent
1124 3705 1152 3752 P
1237 3706 1273 3753 ιι
1292 3717 1340 3754 su-

313 3769 413 3841 perbo]
432 3770 502 3826 subs
520 3776 592 3826 Bm.
605 3788 649 3839 pr.
737 3775 772 3823 24
791 3770 897 3853 gratia]
916 3770 1015 3841 gracia
1033 3776 1063 3824 V.
1174 3776 1208 3824 26
1228 3773 1340 3845 nosue]

314 3845 409 3896 uestra
427 3847 457 3895 V
531 3842 693 3913 clementia]
712 3841 867 3896 clemencia
885 3848 916 3896 V.
