3150 4459
297 475 340 540 20
677 474 707 540 Q.
728 475 837 530 CURTI
856 474 941 529 RUFI

299 640 488 726 opperiendi
507 643 614 705 essent
635 641 711 703 novi
730 640 862 724 milites,
886 661 967 724 quos
991 661 1031 703 ex
1049 639 1241 704 Macedonia
1265 640 1320 704 ad-

298 735 429 795 ventare
452 730 629 814 constabat,
651 728 822 794 Parmenio
849 751 914 793 non
938 730 1037 793 alium
1061 730 1168 793 locum
1190 730 1320 813 proelio

262 820 455 904 saptiorem
484 842 551 883 esse
576 818 734 883 censebat.
782 818 909 903 Quippe
937 817 1005 882 illic
1032 819 1202 902 utriusque
1231 822 1319 905 regis

297 911 405 993 copias
437 930 571 973 numero
604 908 730 972 futuras
762 929 868 992 pares,
901 929 974 972 oum
1007 908 1174 994 angustiae
1208 911 1320 974 multi-

297 998 441 1063 tudinem
464 1021 531 1062 non
550 1002 711 1081 caperent:
735 997 904 1081 planitiem
928 997 1008 1081 ipsis
1028 1018 1224 1082 camposque
1249 1020 1319 1063 esse
1342 1020 1351 1057 i

297 1087 455 1171 vitandos,
478 1087 536 1151 ubi
555 1086 728 1170 circumiri,
752 1086 809 1150 ubi
834 1086 967 1169 ancipiti
992 1086 1059 1151 acie
1079 1087 1221 1170 opprimi
1245 1110 1318 1171 pos-

297 1182 375 1241 sent.
422 1176 558 1261 Timere,
581 1198 621 1240 ne
643 1198 709 1239 non
733 1176 853 1239 virtute
872 1176 1024 1259 hostium,
1049 1176 1104 1239 sed
1126 1175 1319 1241 lassitudine

296 1289 355 1331 sua
377 1268 594 1330 vincerentur:
624 1265 736 1330 Persas
765 1269 908 1331 recentes
937 1265 1073 1330 subinde
1102 1287 1317 1347 successuros,

244 1374 276 1421 10
296 1355 324 1419 si
351 1356 456 1420 laxius
485 1361 570 1419 stare
597 1355 787 1438 potuissent.
835 1353 941 1419 Facile
969 1356 1052 1417 ratio
1081 1358 1147 1419 tam
1176 1355 1317 1419 salubris

296 1445 423 1511 consilii
442 1449 572 1528 accepta
595 1448 651 1509 est.
697 1442 811 1527 ltaque
831 1444 914 1507 inter
933 1445 1099 1529 angustias
1119 1445 1221 1508 saltus
1244 1444 1318 1509 hos·
1330 1464 1348 1504 o

294 1539 360 1600 tem
386 1534 528 1618 opperiri
552 1532 674 1597 statuit.

244 1643 274 1690 11
363 1623 443 1688 Erat
467 1624 502 1688 in
526 1623 670 1687 exercitu
698 1622 784 1708 regis
810 1621 931 1687 Sisines
955 1622 1081 1687 Perses:
1111 1623 1276 1706 quondam
1300 1620 1356 1688 all

295 1716 443 1797 praetore
473 1712 616 1797 Aegypti
646 1714 764 1778 missus
800 1712 840 1775 ad
870 1710 1057 1796 Philippum
1094 1712 1252 1796 donisque
1287 1717 1318 1777 et

296 1804 383 1867 omni
416 1803 540 1867 honore
574 1801 681 1865 cultus
714 1799 846 1864 exilium
878 1802 985 1885 patria
1017 1801 1092 1865 sede
1124 1805 1318 1884 mutaverat,

296 1895 424 1956 secutus
449 1891 562 1955 deinde
585 1891 619 1954 in
643 1888 755 1954 Asiam
779 1890 999 1955 Alexandrum
1023 1891 1107 1954 inter
1130 1890 1243 1956 fideles
1269 1911 1349 1956 so-rs

243 2000 274 2046 12
296 1982 364 2045 cios
382 1980 571 2046 habebatur.
618 1978 705 2044 Huic
724 1980 897 2063 epistulam
917 1978 1077 2045 Cretensis
1097 1980 1189 2046 miles
1210 1980 1319 2067 obsig-

295 2073 403 2134 natam
436 2069 543 2151 anulo,
576 2071 667 2133 cuius
701 2070 829 2154 signum
861 2069 949 2133 haud
982 2091 1058 2133 sane
1089 2072 1205 2134 notum
1239 2072 1318 2155 erat,

294 2160 436 2223 tradidit.
482 2158 697 2239 Nabarzanes,
712 2162 841 2242 praetor
856 2157 962 2243 Darei,
976 2158 1109 2223 miserat
1123 2180 1193 2222 eam
1207 2158 1317 2224 horta-
1353 2153 1355 2160 ¹

294 2249 453 2332 baturque
478 2246 630 2332 Sisinem,
659 2251 696 2312 ut
720 2247 854 2332 dignum
878 2246 1001 2331 aliquid
1022 2246 1195 2312 nobilitate
1219 2253 1318 2331 atque

295 2338 438 2402 moribus
463 2339 529 2401 suis
554 2338 673 2402 ederet:
702 2358 817 2420 magno
842 2336 875 2400 id
904 2338 933 2401 ei
956 2337 1041 2420 apud
1065 2358 1173 2422 regem
1197 2336 1317 2403 honori
1330 2358 1350 2399 a

243 2446 276 2493 13
294 2428 372 2492 fore.
419 2426 488 2491 Has
506 2426 631 2491 litteras
651 2425 783 2508 Sisines,
807 2430 920 2510 utpote
939 2426 1101 2508 innoxius,
1120 2426 1160 2490 ad
1177 2425 1317 2491 Alexan·

295 2517 388 2581 drum
413 2538 508 2599 saepe
537 2516 660 2580 deferre
683 2516 869 2600 temptavit,
898 2516 954 2579 sed
977 2538 1050 2579 eum
1078 2519 1128 2579 tot
1153 2516 1238 2580 curis
1264 2540 1318 2601 ap-

294 2610 474 2689 paratuque
496 2605 574 2670 belli
598 2627 707 2692 regem
730 2605 854 2669 videret
877 2606 1019 2691 urgueri,
1047 2605 1155 2689 aptius
1178 2605 1317 2670 subinde

295 2701 425 2779 tempus
459 2699 632 2779 expectans
666 2695 882 2778 suspicionem
919 2695 993 2758 initi
1026 2695 1154 2759 scelesti
1188 2695 1316 2760 consilii

242 2804 274 2851 11
294 2785 451 2868 praebuit.
497 2783 647 2868 Namque
671 2784 823 2868 epistula,
851 2783 1039 2867 priusquam
1068 2785 1097 2847 ei
1120 2783 1318 2867 redderetur,
1330 2806 1351 2847 a

294 2874 329 2938 in
342 2897 456 2938 manus
472 2872 650 2938 Alexandri
663 2877 862 2957 pervenerat,
881 2872 1060 2956 lectamque
1076 2895 1147 2937 eam
1166 2876 1198 2936 et
1212 2875 1318 2959 ignoti

294 2964 381 3027 anuli
398 2962 505 3049 sigillo
521 2964 666 3047 inpresso
682 2961 781 3027 Sisini
796 2963 863 3027 dari
879 2963 1015 3027 iusserat
1030 2962 1070 3026 ad
1085 2961 1317 3028 aestimandam

242 3070 274 3118 15
294 3052 390 3117 fidem
410 3052 547 3117 barbari.
588 3050 650 3129 Qui
665 3053 741 3135 quia
759 3075 818 3135 per
836 3054 1006 3135 conplures
1022 3052 1089 3117 dies
1108 3073 1174 3116 non
1193 3052 1317 3117 adierat

293 3164 416 3228 regem,
445 3142 579 3207 scelesto
604 3142 738 3206 consilio
763 3162 833 3205 eam
861 3141 949 3206 visus
974 3145 1022 3206 est
1046 3140 1262 3224 suppressisse
1286 3146 1318 3206 et
1339 3185 1341 3190 =

293 3232 327 3295 in
347 3232 475 3317 agmine
493 3253 512 3294 a
532 3229 739 3295 Cretensibus
754 3230 841 3295 haud
856 3230 951 3295 dubie
966 3232 1056 3295 iussu
1075 3231 1160 3316 regis
1180 3230 1315 3295 occisus.
1329 3253 1352 3293 sc

367 3449 380 3496 1
401 3442 568 3513 opperiendi
587 3450 616 3495 c:
644 3442 813 3512 opperiendi
836 3448 908 3496 Pm.
925 3460 969 3511 pr.
1050 3448 1066 3495 6
1086 3440 1217 3513 ancipiti]
1242 3442 1316 3496 anti-

294 3515 376 3584 eipiti
390 3521 417 3567 P.
472 3517 589 3583 possent
606 3520 632 3567 1:
651 3514 762 3583 possint
775 3519 806 3566 A.
863 3520 895 3567 12
916 3513 1021 3568 Sisines
1037 3515 1143 3568 Luam:
1163 3513 1270 3568 sisenes
1284 3519 1315 3568 A.

295 3591 328 3639 13
347 3586 484 3658 Aegypti]
504 3586 612 3656 aegipti
630 3591 657 3639 P.
725 3591 756 3638 17
778 3585 874 3656 anulo]
895 3584 1007 3639 anullo
1027 3592 1151 3653 Prapr.
1225 3584 1315 3656 haud]

293 3658 364 3712 hant
382 3665 401 3710 P
420 3676 454 3711 m.
467 3676 510 3726 pr.
567 3657 800 3712 18'Nabarzanes
814 3663 846 3709 P:
866 3657 1039 3710 nabarzanas
1059 3664 1083 3710 c.
1142 3661 1173 3709 19
1194 3656 1316 3713 Sisincm

293 3731 401 3784 Later:
417 3730 537 3783 sisenem
546 3734 576 3783 Δ.
629 3734 662 3783 20
672 3728 827 3782 maioribus
838 3730 997 3783 Acidaliae:
1008 3728 1133 3782 moribus
1141 3733 1170 3781 A.
1223 3734 1257 3782 21
1275 3728 1315 3782 Si-

294 3801 368 3855 sines
387 3802 495 3855 Lauer:
515 3801 620 3855 sisenes
639 3807 670 3854 Α.
749 3805 782 3853 27
803 3799 892 3870 anuli]
913 3800 994 3853 anilii
1012 3806 1040 3865 P,
1060 3799 1149 3853 anulli
1167 3805 1197 3853 V.
1230 3830 1233 3836 ·
1274 3800 1315 3853 Si-

282 3873 345 3923 sini
359 3874 472 3927 baum:
490 3872 578 3926 siseni
598 3877 628 3927 A.
