3150 4459
337 425 379 486 14
715 425 747 491 Q.
767 425 876 479 CURTI
895 426 982 480 RUFI

335 588 499 653 exederat:
540 589 806 655 monstrabantur
847 590 977 654 urbium
1020 589 1111 655 sedes
1148 591 1292 674 Lyrnesi
1330 596 1356 656 et

335 677 471 759 Thebes
498 678 666 763 Typhonis
689 701 819 763 quoque
843 702 956 764 specus
980 683 1012 744 et
1036 679 1213 763 Corycium
1238 704 1356 761 nemus,

335 767 393 831 ubi
411 788 541 832 crocum
559 768 716 854 gignitur,
739 773 918 853 ceteraque,
936 770 972 833 in
990 769 1108 853 quibus
1126 768 1214 834 nihil
1233 774 1356 854 praeter

334 857 454 921 famam
478 856 655 922 duraverat

283 963 314 1010 11
403 946 586 1011 Alexander
607 948 715 1011 fauces
738 947 817 1032 iugi,
841 970 923 1031 quae
946 947 1045 1032 Pylae
1069 947 1291 1033 appellantur,
1315 949 1355 1012 in·

335 1035 442 1099 travit.
490 1034 734 1120 Contemplatus
756 1036 903 1103 locorum
928 1037 1026 1102 situm
1056 1060 1121 1101 non
1145 1038 1229 1102 alias
1253 1038 1354 1121 magis

335 1125 455 1189 dicitnr
473 1124 648 1190 admiratus
670 1148 739 1191 csse
757 1125 945 1190 felicitatem
967 1149 1070 1191 suam:
1096 1126 1190 1191 obrui
1210 1128 1353 1211 potuisse

334 1216 387 1278 vel
418 1216 504 1279 saxis
537 1216 760 1300 confitebatur,
793 1217 821 1279 si
852 1216 999 1298 fuissent,
1032 1217 1088 1301 qui
1116 1218 1153 1280 in
1180 1216 1352 1281 subeuntes

282 1320 315 1367 la
333 1304 559 1388 propellerent.
613 1303 681 1369 Iter
716 1306 771 1369 vix
809 1309 982 1387 quaternos
1019 1305 1167 1390 capiebat
1199 1311 1350 1371 armatos:

335 1392 466 1458 dorsum
494 1393 615 1458 montis
643 1395 833 1459 imminebat
866 1395 936 1459 viae
968 1418 1033 1459 non
1062 1398 1221 1481 angustae
1250 1395 1349 1474 modo,
1386 1407 1389 1443 2

335 1482 390 1547 sed
417 1484 607 1567 plerumque
635 1488 828 1568 praeruptae
864 1484 984 1548 crebris
1013 1484 1241 1549 oberrantibus
1269 1485 1348 1566 rivis,
1385 1495 1389 1522 ³

282 1574 391 1655 isqui
423 1594 462 1636 ex
494 1572 658 1638 radicibus
690 1575 851 1638 montium
880 1578 1021 1637 manant.
1073 1573 1215 1638 Thracas
1249 1577 1347 1639 tamen
1383 1594 1389 1641 1

334 1661 449 1726 leviter
473 1667 613 1726 armatos
641 1663 830 1747 praecedere
857 1663 995 1727 iusserat
1018 1663 1221 1746 scrutarique
1251 1663 1345 1742 calles,
1382 1673 1389 1710 '2

333 1771 375 1815 ne
383 1752 528 1816 occultus
538 1750 643 1816 hostis
658 1754 691 1815 in
707 1753 882 1817 subeuntes
892 1756 1081 1835 erumperet.
1106 1751 1344 1835 Sagittariorum
1381 1761 1389 1799 ῑ

335 1861 464 1923 quoque
506 1863 620 1906 manus
657 1845 872 1927 occupaverat
908 1842 1034 1927 iugum:
1076 1843 1220 1907 intentos
1262 1862 1343 1907 arcus
1376 1850 1387 1907 ³.

334 1928 498 1994 habebant
525 1930 655 2013 moniti,
682 1953 748 1995 non
775 1933 838 1996 iter
866 1930 954 2015 ipsos
981 1931 1077 2015 inire,
1105 1932 1161 1996 sed
1184 1932 1342 2015 proelium.
1383 1938 1389 1977 ἓ

282 2018 407 2084 11Ηο0
430 2020 527 2084 modo
549 2042 666 2105 agmen
684 2022 833 2104 pervenit
856 2020 897 2084 ad
914 2020 1028 2085 urbem
1051 2020 1185 2103 Tarson,
1208 2022 1262 2085 cui
1284 2025 1343 2084 tum
1384 2043 1389 2065 ¹

334 2110 475 2172 maxime
493 2108 610 2174 Persae
629 2109 833 2176 subiciebant
851 2110 971 2195 ignem,
993 2131 1034 2174 ne
1053 2110 1245 2195 opulentum
1265 2109 1344 2193 oppi·
1385 2117 1389 2173 l

282 2216 315 2263 16
336 2198 412 2261 dnm
430 2197 534 2264 hostis
552 2198 727 2264 invaderet.
773 2197 819 2263 At
844 2199 899 2263 ille
918 2198 1131 2264 Parmenione
1149 2198 1191 2263 ad
1209 2199 1344 2263 inhiben-
1387 2238 1389 2242 .

335 2288 412 2351 dum
436 2289 618 2352 incendium
648 2309 721 2353 cum
749 2288 900 2372 expedita
926 2311 1025 2353 manu
1047 2290 1240 2374 praemisso,
1267 2290 1344 2374 post·
1380 2297 1384 2327 ¹

335 2399 431 2460 quam
454 2377 609 2443 barbaros
633 2378 773 2442 adventu
792 2400 924 2443 suorum
946 2378 1077 2465 fugatos
1101 2400 1169 2443 esse
1192 2377 1346 2465 cognovit,

334 2466 448 2530 urbem
472 2490 492 2530 a
514 2490 548 2531 se
571 2472 793 2532 conservatam
817 2469 925 2531 intrat

290 2563 314 2617 V
401 2555 541 2620 Mediam
566 2554 697 2639 Cydnus
720 2558 834 2639 amnis,
860 2556 899 2620 de
923 2579 986 2639 quo
1010 2556 1109 2641 paulo
1133 2561 1208 2620 ante
1233 2554 1365 2621 dictuml

334 2650 392 2726 est,
411 2645 578 2728 interfluit,
597 2650 630 2710 et
643 2651 722 2711 tunc
735 2651 840 2710 aestas
859 2651 937 2730 erat,
956 2647 1048 2710 cuius
1067 2646 1155 2710 calor
1172 2669 1240 2710 non
1259 2646 1348 2710 aliam

333 2735 438 2821 magis
469 2757 565 2819 quam
597 2734 729 2799 Ciliciae
759 2758 848 2801 oram
876 2757 994 2818 vapore
1026 2735 1103 2799 solis
1132 2736 1291 2819 accendit,
1320 2736 1373 2797 eta

298 2823 398 2890 adici
420 2825 672 2889 fervidissimum
694 2827 825 2910 tempus
855 2846 924 2889 esse
948 2829 1106 2908 coeperat.
1153 2824 1290 2889 Pulvere
1313 2824 1349 2887 si·

334 2914 402 2978 mul
421 2936 458 2979 ac
472 2915 588 2979 sudore
603 2914 768 2999 perfusum
783 2936 892 3001 regem
908 2914 1060 2978 invitavit
1077 2913 1186 2997 liquor
1200 2913 1350 2993 fluminis,

333 3007 370 3067 ut
393 3003 534 3068 calidum
558 3003 664 3068 adhuc
687 3026 805 3089 corpus
829 3003 986 3068 ablueret:
1010 3005 1121 3086 itaque
1144 3007 1232 3067 veste
1258 3005 1350 3087 depo·

334 3092 397 3156 sita
419 3093 453 3156 in
472 3097 647 3177 conspectu
666 3094 804 3176 agminis
823 3132 867 3139 —
887 3093 1038 3157 decorum
1058 3114 1187 3176 quoque
1206 3092 1350 3157 futurum

333 3186 432 3265 ratus,
456 3183 483 3245 si
503 3183 698 3248 ostendisset
716 3184 783 3247 suis
802 3182 867 3247 levi
890 3186 923 3247 et
941 3181 1079 3267 parabili
1098 3183 1188 3246 cultu
1207 3183 1379 3266 corporiss

407 3472 420 3519 1
441 3466 558 3535 Lyrnesi
576 3472 609 3519 P:
631 3466 727 3520 lirnesi
747 3473 772 3519 0.
860 3472 876 3519 2
896 3465 1041 3535 Typhonis
1061 3465 1190 3519 Medius:
1214 3463 1354 3534 thipontis

333 3543 363 3590 A.
427 3537 574 3607 Corycium
593 3539 696 3592 Aldus:
723 3538 862 3606 corytium
880 3543 903 3589 A
929 3536 1091 3608 [comitium
1111 3537 1154 3607 v].
1246 3542 1356 3605 oquae

334 3611 460 3664 Merula:
477 3610 552 3678 quod
561 3613 591 3662 A.
647 3615 663 3662 8
678 3613 714 3665 ia
729 3609 882 3663 subeuntes
894 3610 1014 3664 Giuata:
1025 3610 1061 3662 ia
1071 3624 1121 3661 om.
1132 3613 1163 3660 A.
1220 3612 1253 3660 12
1269 3608 1356 3661 Thra·

334 3682 393 3751 cas]
412 3682 525 3735 trechas
545 3687 570 3735 c.
636 3687 668 3735 lv
679 3680 785 3735 Tarson
796 3686 821 3734 1:
836 3681 952 3735 tharson
962 3684 992 3733 A.
1063 3685 1097 3732 18
1112 3678 1248 3748 oppidum
1259 3685 1285 3733 1:
1297 3680 1356 3748 opi·

333 3752 400 3806 dum
410 3758 441 3807 A.
498 3758 531 3805 19
545 3752 728 3807 Parmenione
747 3758 773 3806 1:
793 3752 974 3822 parmenione
990 3758 1021 3805 A.
1095 3756 1128 3805 26
1149 3766 1210 3803 esse
1225 3753 1357 3819 coeperat

335 3825 465 3879 Orellius:
486 3827 635 3892 exceperat
652 3829 683 3877 A.
757 3830 791 3878 30
810 3824 901 3895 ratus]
919 3826 1017 3893 raptus
1036 3828 1056 3875 B
1076 3841 1109 3876 m.
1120 3841 1166 3891 pr.
