3150 4459
463 472 717 527 HISTORIARUM
735 472 952 526 ALEXANDRI
970 472 1042 540 Vm,
1063 479 1105 528 11.
1228 473 1295 537 293

271 636 367 699 duces
396 635 449 700 his
480 636 547 700 dati
576 640 652 700 sunt
676 634 805 699 Charus.
828 639 861 699 et
888 635 1084 715 Alexander,
1117 658 1212 720 quem
1237 653 1352 715 rex10

269 725 420 808 nominis,
444 725 532 808 quod
554 725 618 789 sibi
642 747 715 789 cum
739 746 776 789 eo
801 747 972 789 commune
988 729 1089 811 esset,
1117 725 1294 790 admonuit.

270 814 320 879 Ac
338 814 454 897 primo,
477 816 554 898 qnia
571 819 638 878 tam
657 815 866 879 manifestum
887 816 1067 898 periculum
1087 820 1164 899 erat,
1188 816 1295 899 ipsum

270 924 378 988 regem
410 903 583 968 discrimen
614 904 724 967 subire
752 925 820 968 non
850 904 987 987 placuit,
1020 904 1089 968 sed
1103 909 1141 968 ut
1164 904 1295 990 signum
1315 921 1349 970 11

245 992 351 1057 stuba
381 992 493 1057 datum
521 996 583 1076 est,
599 1036 601 1045 ·
616 994 667 1056 vir
690 991 841 1058 audaciae
864 996 1035 1077 promptae
1058 1014 1232 1057 conversus
1256 992 1296 1072 ad
1396 1004 1397 1007 ’

271 1082 415 1165 corporis
439 1082 588 1146 custodes
617 1082 708 1165 sequi
733 1103 766 1145 se
789 1081 881 1146 iubet
903 1082 1093 1165 primusque
1116 1082 1242 1146 invadit
1262 1082 1298 1145 in

270 1193 392 1254 rupem.
437 1170 507 1236 Nec
540 1170 654 1235 deinde
687 1172 860 1255 quisquam
893 1170 1106 1235 Macedonum
1139 1171 1297 1255 substitit,

270 1260 458 1343 relictisque
486 1260 682 1325 stationibus
710 1282 768 1324 sua
799 1263 915 1343 sponte
937 1282 1048 1346 regem
1072 1260 1296 1344 sequebantur.

270 1348 450 1414 Multorum
483 1349 678 1413 miserabilis
710 1349 775 1413 fuit
808 1371 914 1433 casus,
947 1370 1029 1432 quos
1058 1372 1097 1414 ex
1122 1353 1349 1433 praeruptam

230 1463 256 1502 ιο
270 1460 351 1521 rupe
378 1440 487 1522 lapsos
516 1440 621 1502 amnis
643 1438 875 1521 praeterfluens
898 1438 1023 1521 hausit,
1055 1440 1149 1502 triste
1174 1443 1297 1523 specta-

270 1527 379 1590 culum
404 1528 502 1591 etiam
525 1550 592 1591 non
614 1527 889 1611 periclitantibus:
913 1548 987 1591 cum
1010 1550 1086 1592 vero
1108 1527 1214 1592 alieno
1234 1529 1298 1592 exi·

269 1616 326 1699 tio,
346 1617 424 1700 quid
442 1618 522 1700 ipsis
541 1617 722 1681 timendum
736 1616 830 1700 foret,
849 1616 1106 1700 admonerentur,
1125 1618 1159 1680 in
1173 1621 1297 1681 metum

270 1706 492 1770 misericordia
515 1728 608 1770 versa
632 1727 698 1769 non
721 1705 891 1790 extinctos,
915 1706 972 1769 sed
991 1706 1183 1791 semetipsos
1203 1706 1298 1770 defle-

270 1793 358 1857 bant.
403 1794 449 1858 Et
476 1794 542 1858 iam
566 1816 604 1859 eo
627 1800 820 1878 perventum
844 1798 926 1878 erat,
958 1794 1044 1858 unde
1063 1796 1132 1859 sine
1155 1796 1297 1879 pernicie
1319 1812 1351 1860 ra

228 1906 256 1947 rs
271 1884 334 1946 nisi
356 1882 496 1947 victores
519 1884 624 1947 redire
647 1905 716 1947 non
737 1888 881 1969 possent,
903 1885 1049 1969 ingentia
1073 1906 1149 1948 saxa
1170 1885 1204 1947 in
1224 1884 1297 1948 sub·

271 1976 383 2036 euntes
406 1972 675 2056 provolventibus
699 1972 860 2056 barbaria,
891 1974 964 2056 quis
988 1973 1129 2056 perculsi
1150 1973 1298 2037 instabili
1340 2002 1343 2007 ·

271 2065 303 2123 et
340 2060 467 2124 lubrico
500 2061 604 2147 gradu
636 2061 831 2145 praecipites
864 2061 1058 2126 recidebant.
1118 2062 1299 2128 Evaserant
1318 2080 1351 2127 14

271 2154 381 2213 tamen
390 2148 575 2215 Alexander
588 2155 621 2214 et
636 2150 771 2234 Charus,
785 2172 868 2234 quos
884 2172 958 2215 cum
973 2169 1047 2214 xxx
1062 2151 1193 2216 delectis
1208 2173 1298 2236 prae·

271 2240 406 2303 miserat
428 2261 494 2322 rex,
517 2245 550 2304 et
572 2240 637 2304 iam
660 2262 807 2326 pugnare
831 2242 1011 2305 comminus
1031 2245 1218 2325 coeperant:
1242 2241 1298 2305 sed

231 2353 257 2392 so
272 2350 345 2392 cum
369 2350 507 2412 superne
525 2330 591 2393 tela
608 2329 741 2393 barbari
758 2329 952 2414 ingererent,
975 2330 1104 2414 saepius
1115 2330 1187 2414 ipsi
1206 2329 1298 2394 ferie·

272 2417 392 2481 bantur
419 2441 517 2502 quam
545 2418 767 2483 vulnerabant.
814 2419 903 2505 Ergo
927 2418 1111 2483 Alexander
1140 2423 1172 2483 et
1195 2419 1351 2484 nomi-15

270 2508 321 2571 nis
346 2508 396 2570 sui
420 2511 452 2571 et
475 2508 628 2590 promissi
651 2529 791 2593 memor,
820 2508 902 2572 dum¹
920 2509 1026 2572 acrius
1050 2531 1148 2592 quam
1172 2509 1298 2573 cautius

271 2596 412 2680 dimicat,
437 2596 605 2662 confossus
628 2597 771 2680 undique
792 2598 950 2661 obruitur.
988 2597 1151 2674 Quem‘ut
1173 2596 1298 2661 Charus
1321 2615 1351 2662 ro

270 2685 428 2749 iacentem
460 2687 644 2770 conspexit,
676 2708 769 2750 ruere
792 2687 828 2750 in
849 2685 978 2750 hostem
1002 2689 1148 2751 omnium
1170 2690 1298 2770 praeter

229 2798 255 2838 as
270 2775 427 2839 ultionem
460 2775 619 2840 inmemor
651 2776 760 2860 coepit
790 2776 976 2859 multosque
999 2775 1115 2858 hasta,
1140 2775 1298 2859 quosdam

271 2864 379 2949 gladio
399 2866 579 2929 interemit:
603 2864 659 2928 sed
678 2887 752 2929 cum
770 2867 822 2929 tot
839 2887 942 2928 unum
960 2865 1155 2929 incesserent
1173 2886 1303 2947 manua,

270 2974 367 3036 super
395 2954 491 3017 amici
519 2975 637 3037 corpus
665 2953 840 3038 procubuit
864 2954 1030 3018 exanimis.
1075 2952 1173 3017 Haud
1196 2974 1298 3035 secus,
1318 2960 1351 3017 11

272 3064 369 3124 quam
392 3064 452 3125 par
475 3045 557 3126 erat,
584 3043 904 3127 promptissimorum
927 3042 1081 3106 iuvenum
1105 3046 1298 3106 ceterorum·

271 3152 333 3213 que
363 3130 505 3194 militum
536 3131 671 3195 interitu
703 3136 885 3196 commotus
916 3153 972 3195 rex
1001 3133 1130 3216 signum
1154 3132 1299 3215 receptui

230 3244 257 3283 ao
272 3219 368 3283 dedit.
416 3218 521 3284 Saluti
547 3220 625 3303 fuit,
658 3219 758 3305 quod,
772 3221 891 3285 sensim
925 3223 957 3284 et
980 3218 1134 3304 intrepidi
1158 3242 1192 3284 se
1214 3236 1351 3284 rece-18

344 3358 500 3432 ltlharus]
524 3375 606 3413 carus
629 3366 658 3413 Ρ.
749 3362 844 3414 3tam
864 3366 894 3413 0:
913 3360 972 3413 iam
990 3366 1018 3413 Ρ.
1111 3359 1285 3413 &audaciae

271 3430 406 3484 audatiae
424 3437 494 3487 Lm.
505 3448 551 3499 pr.
565 3437 594 3485 P.
619 3466 623 3470 -
655 3430 862 3486 9miserabih's
881 3448 932 3485 om.
952 3437 978 3484 0.
1039 3436 1072 3484 10
1092 3430 1285 3500 spectaculum

271 3503 488 3570 expectaculum
497 3508 529 3556 V.
577 3509 609 3556 11
620 3502 862 3573 periclitantibus]
876 3502 1115 3572 periclytantibus
1124 3508 1152 3557 Ρ.
1197 3502 1285 3556 exitio

271 3574 371 3627 exsitio
390 3580 422 3628 V.
497 3580 530 3628 16
550 3574 614 3643 quis
632 3574 851 3630 Freinshemius:
876 3574 926 3643 qui
945 3578 975 3627 Δ.
1050 3579 1083 3628 17
1107 3573 1210 3645 gradu]
1235 3591 1298 3641 gra·

271 3645 339 3698 dum
358 3651 389 3698 V.
460 3651 493 3699 19
514 3648 543 3699 et
560 3646 631 3716 iam]
651 3645 742 3701 eciam
760 3652 780 3698 1.
795 3654 829 3700 m.
840 3664 886 3716 pr.
934 3648 1087 3714 coeperant
1118 3648 1251 3713 coeperat
1268 3650 1298 3698 P.

271 3723 306 3770 14
325 3716 485 3789 conspexit]
504 3717 683 3787 conspexerit
702 3723 723 3769 F
740 3736 777 3772 m.
791 3736 838 3788 pr.
919 3716 949 3770 in
967 3717 1077 3771 hostem
1110 3715 1141 3769 in
1160 3718 1249 3770 ostem
1268 3721 1298 3781 L,

270 3787 381 3841 hostem
396 3789 455 3841 in?
469 3807 557 3858 ηιμ.
614 3794 648 3842 at
663 3789 770 3861 coepit]
779 3789 856 3858 cepit
864 3794 893 3841 P.
945 3794 979 3841 27
994 3787 1143 3859 exanimis]
1154 3788 1297 3842 exanimes

271 3864 291 3911 B
305 3878 340 3913 m.
347 3878 393 3928 pr.
404 3865 423 3912 t
434 3866 595 3930 m.pr.1’m.
603 3878 648 3929 pr.
659 3866 690 3914 v.
728 3865 763 3914 28
773 3860 998 3931 ceterorumque]
1009 3863 1195 3914 ceterorum?
1209 3877 1244 3911 m.
1251 3874 1296 3925 pr.
