3150 4459
433 478 687 533 HISTORIARUM
706 477 923 532 ALEXANDRI
941 478 1028 548 vnn,
1046 485 1072 533 4.
1198 478 1264 542 323

238 646 486 727 nongentaeque
510 642 693 728 quadrigae.
731 641 777 706 Aa
790 641 990 726 Macedones
1014 643 1071 726 qui
1094 642 1321 706 011111111116

240 733 373 796 crimine
402 732 466 794 iam
494 730 663 795 defunctos
692 754 726 795 se
750 752 819 795 esse
843 731 1062 813 crediderant,
1091 735 1265 814 postquam

239 822 403 905 integrum
426 820 549 885 bellum
573 842 647 885 cum
670 819 880 884 ferocissimis
903 818 1014 884 Indiae
1038 819 1191 906 gentibus
1215 842 1265 883 su·

239 932 367 995 peresse
391 914 626 994 cognoverunt,
654 909 821 992 inproviso
844 912 933 973 metu
957 909 1061 973 territi
1085 931 1196 973 rursus
1220 930 1266 973 se·

212 999 367 1064 sditiosis
398 999 532 1062 vocibus
564 1019 674 1082 regem
703 1000 869 1083 increpare
902 1002 1089 1081 coeperunt:
1132 996 1266 1084 Gangen
1286 1014 1320 1063 1‘1

240 1109 368 1152 amnem
387 1091 429 1169 et,
452 1108 534 1171 quae
552 1088 640 1151 ultra
658 1090 775 1170 essent,
797 1091 944 1153 coactum
963 1087 1182 1151 transmittere
1200 1109 1267 1151 non

239 1181 347 1240 tamen
370 1177 489 1259 finisse,
514 1177 569 1239 sed
592 1181 735 1242 mutasse
753 1175 885 1242 bellum.
922 1175 1094 1241 Indomitis
1113 1176 1266 1262 gentibus

240 1288 274 1331 se
307 1266 465 1349 obiectos,
497 1269 536 1328 ut
568 1267 725 1350 sanguine
753 1287 812 1330 suo
841 1266 1004 1348 aperirent
1034 1266 1064 1329 11
1093 1264 1266 1330 Oceanum.

240 1354 338 1419 Trahi
362 1360 454 1418 extra
478 1355 581 1418 sidera
604 1358 638 1418 et
660 1354 761 1418 solem
785 1355 924 1439 cogique
947 1354 1049 1436 adire,
1078 1376 1159 1438 quae
1182 1376 1266 1418 mor-
1287 1371 1320 1419 18

198 1469 226 1511 ιο
240 1443 354 1507 talium
379 1443 481 1507 oculis
503 1448 621 1507 natura
648 1443 847 1509 subduxerit.
893 1443 997 1508 Novis
1021 1444 1196 1508 identidem
1220 1466 1266 1507 ar-

239 1534 301 1598 mis
331 1555 433 1597 novos
462 1532 574 1597 hostes
604 1533 749 1597 existere.
803 1532 892 1609 Quos
920 1538 957 1597 ut
988 1554 1099 1597 omnes
1129 1532 1269 1596 fundant

239 1624 428 1708 fugantque,
452 1622 538 1704 quod
557 1622 737 1704 praemium
756 1624 847 1706 ipsos
866 1622 1016 1686 manere?
1036 1621 1207 1707 caliginem
1230 1642 1268 1685 ac

239 1711 389 1776 tenebras
422 1715 455 1774 et
486 1715 676 1795 perpetuam
708 1714 838 1775 noctem
864 1710 1028 1796 profundo
1059 1711 1268 1775 incubantem

240 1801 336 1882 mari,
366 1799 527 1884 repletum
556 1800 734 1863 inmanium
764 1800 933 1864 beluarum
961 1800 1115 1886 gregibus
1138 1800 1268 1883 fretum,

199 1915 226 1955 rs
240 1887 412 1953 inmobiles
435 1888 551 1972 undas,
582 1888 616 1951 in
640 1888 759 1972 quibus
783 1890 943 1953 emoriens
966 1894 1083 1953 natura
1106 1887 1267 1952 defecerit.

241 1979 311 2041 Rex
334 2000 400 2041 non
419 1999 486 2060 sua,
509 1976 564 2040 sed
583 1978 726 2041 milltum
745 1977 964 2042 sollicitudine
983 1978 1097 2041 anxius
1116 1977 1267 2041 contione
1287 1994 1320 2042 19

241 2068 397 2131 advocata
412 2066 506 2131 docet
521 2066 656 2130 inbelles
671 2086 750 2149 esse,
765 2087 847 2152 quos
862 2070 1016 2131 metuant.
1043 2064 1137 2130 Nihil
1152 2066 1267 2130 deinde

241 2160 368 2239 praeter
390 2155 451 2219 has
474 2158 587 2240 gentes
611 2155 754 2237 obstare,
777 2156 950 2239 quominus
974 2160 1133 2219 terrarum
1163 2156 1267 2240 spatia
1353 2208 1357 2214 .

241 2246 363 2309 emensi
387 2244 427 2308 ad
454 2244 552 2307 finem
576 2244 674 2307 simul
697 2245 811 2309 mundi
833 2244 1046 2328 laborumque
1069 2246 1266 2329 perveniant.
1314 2275 1318 2304 s

201 2361 227 2401 ao
243 2334 445 2399 Concessisse
473 2333 539 2397 illis
566 2335 786 2398 metuentibus
811 2330 945 2420 Gangen
968 2339 1000 2398 et
1024 2334 1268 2398 multitudinem
1286 2350 1321 2397 10

240 2424 419 2505 nationum,
444 2444 525 2505 quae
547 2422 634 2486 ultra
653 2444 780 2488 amnem
801 2428 920 2490 essent:
944 2422 1121 2487 declinasse
1139 2424 1201 2487 iter
1220 2443 1268 2505 eo,

240 2512 297 2576 ubi
320 2536 380 2595 par
403 2512 515 2597 gloria,
537 2512 645 2576 minus
664 2511 845 2595 periculum
865 2516 957 2577 esset.
995 2510 1064 2575 Iam
1084 2512 1267 2595 prospicere
1286 2527 1320 2575 11

241 2625 276 2666 11
299 2599 477 2684 Oceanum,
507 2602 572 2664 iam
601 2602 736 2684 perflare
764 2602 806 2665 ad
832 2603 922 2686 ipsos
951 2623 1061 2665 auram
1086 2602 1198 2665 maris:
1226 2621 1267 2664 ne

242 2691 424 2755 inviderent
447 2690 510 2754 sibi
532 2690 671 2774 laudem,
695 2712 793 2774 quam
813 2693 944 2773 peteret.
991 2689 1142 2755 Herculis
1166 2688 1268 2753 11111-

201 2807 227 2849 ss
241 2780 310 2844 beri
333 2780 440 2844 Patris
467 2780 623 2844 terminos
654 2781 847 2843 transituros
871 2780 961 2864 illos,
992 2779 1061 2864 regi
1085 2800 1144 2842 suo
1167 2799 1267 2861 parvo
1313 2830 1317 2839 .

242 2868 395 2952 inpendio
419 2869 688 2932 inmortalitatem
711 2868 817 2932 famae
842 2868 982 2931 daturos.
1019 2867 1212 2932 Paterentur
1234 2888 1268 2931 se

190 2966 224 3019 17
242 2982 281 3022 ex
300 2956 392 3021 India
405 2958 518 3039 redire,
536 2980 603 3021 non
617 2958 738 3042 fugere.
762 2955 875 3021 Omnis
890 2956 1066 3020 multitudo
1081 2960 1113 3019 et
1127 2955 1268 3019 maxime
1287 2972 1320 3020 11

242 3047 392 3110 milliaris
416 3045 549 3109 mobilis
573 3047 696 3129 impetu
716 3046 860 3110 effertur:
885 3045 931 3109 its
950 3044 1118 3109 seditionis
1136 3066 1202 3108 non
1220 3065 1268 3107 re·

316 3220 399 3290 1At]
419 3219 456 3271 ad
475 3226 504 3272 F.
569 3219 747 3287 linproviso
765 3225 914 3275 11111111
933 3219 1081 3288 inprouisu
1100 3225 1130 3271 Δ.
1194 3218 1269 3272 sedi-

242 3292 335 3362 tiosis]
365 3291 510 3344 sediciosis
537 3298 557 3343 L
580 3308 615 3344 m.
632 3308 679 3359 pr.
703 3297 731 3343 P.
841 3297 857 3345 ὅ
886 3291 1050 3361 coeperunt]
1079 3293 1215 3359 ceperunt
1237 3296 1265 3344 r.

244 3371 259 3419 6
280 3366 409 3417 coactum
426 3363 595 3417 Glareanus:
611 3364 723 3416 coactos
736 3368 767 3415 Δ.
836 3362 1041 3433 transmittere]
1055 3362 1233 3416 transmitere
1247 3369 1267 3414 L

243 3454 277 3489 m.
287 3452 340 3503 pr„
349 3435 530 3487 transmisere
540 3440 570 3487 V.
628 3434 760 3505 ttamen]
770 3436 876 3487 tamem
885 3440 913 3487 L.
969 3433 1018 3486 sed
1029 3434 1166 3514 mutasse]
1177 3451 1227 3488 om.
1237 3440 1266 3487 1³.

245 3512 278 3560 10
289 3505 455 3559 subduxerit
464 3506 625 3560 Acidaliae:
636 3505 809 3558 subduxerat
818 3510 849 3558 Δ.
889 3511 921 3558 11
932 3503 1096 3575 caliginem]
1107 3504 1229 3574 cahgine
1236 3510 1266 3558 V.

245 3578 879 3646 mperpetuamnoctemr:perpetuanocces
918 3582 950 3630 16
959 3576 1070 3646 anxius]
1079 3577 1230 3630 anexiusv.

245 3649 386 3719 contione]
398 3648 596 3702 concionel’v.
648 3654 681 3701 18
697 3648 803 3718 spatia]
818 3647 916 3716 spacia
929 3653 961 3712 V,
976 3648 1050 3715 spati
1064 3653 1093 3700 F.
1142 3647 1268 3700 191111-

242 3737 361 3788 rumque
375 3726 401 3772 1:
422 3718 603 3787 laboremque
617 3724 648 3772 Δ.
692 3724 726 3772 10
743 3718 930 3774 Concessisse
943 3720 1054 3789 ambri:
1070 3720 1231 3773 cessisses.

244 3792 284 3862 11]
295 3810 329 3844 ex
338 3798 366 3844 P.
404 3798 436 3844 11
449 3792 572 3862 amnem]
583 3807 685 3845 aunem
695 3796 741 3842 FP
751 3808 785 3844 m.
796 3808 837 3856 pr.
880 3790 1048 3861 declinasse]
1060 3788 1230 3843 declinasset
1239 3794 1266 3841 P.

245 3869 279 3916 18
293 3862 407 3916 mobilis
421 3863 521 3931 11111111
525 3884 531 3916 z
551 3861 696 3917 mobilis.
770 3860 887 3915 effertur
900 3862 1076 3916 Vindelicos:
1097 3863 1223 3915 1111111111
1236 3864 1267 3913 Δ.

1055 3950 1109 4002 ‘til‘
