<?xml version="1.0" encoding="UTF-8"?>
<!DOCTYPE html PUBLIC "-//W3C//DTD XHTML 1.0 Transitional//EN"
    "http://www.w3.org/TR/xhtml1/DTD/xhtml1-transitional.dtd">
<html xmlns="http://www.w3.org/1999/xhtml" xml:lang="en" lang="en">
 <head>
  <title>
</title>
<meta http-equiv="Content-Type" content="text/html;charset=utf-8" />
  <meta name='ocr-system' content='tesseract 3.04.00' />
  <meta name='ocr-capabilities' content='ocr_page ocr_carea ocr_par ocr_line ocrx_word'/>
</head>
<body>
  <div class='ocr_page' id='page_1' title='image "./qcurtirufihisto01rufugoog_0022.png"; bbox 0 0 3150 4459; ppageno 0'>
   <div class='ocr_carea' id='block_1_1' title="bbox 332 463 969 529">
    <p class='ocr_par' dir='ltr' id='par_1_1' title="bbox 332 463 969 529">
     <span class='ocr_line' id='line_1_1' title="bbox 332 463 969 529; baseline 0 -11"><span class='ocrx_word' id='word_1_1' title='bbox 332 463 354 525; x_wconf 82' lang='grc'>4</span> <span class='ocrx_word' id='word_1_2' title='bbox 705 464 736 529; x_wconf 77' lang='lat' dir='ltr'>Q.</span> <span class='ocrx_word' id='word_1_3' title='bbox 756 465 865 519; x_wconf 80' lang='lat' dir='ltr'>CURTI</span> <span class='ocrx_word' id='word_1_4' title='bbox 885 465 969 518; x_wconf 81' lang='lat' dir='ltr'>RUFI</span> 
     </span>
    </p>
   </div>
   <div class='ocr_carea' id='block_1_2' title="bbox 208 627 1385 3201">
    <p class='ocr_par' dir='ltr' id='par_1_2' title="bbox 296 627 1351 895">
     <span class='ocr_line' id='line_1_2' title="bbox 296 627 1351 714; baseline 0.003 -22"><span class='ocrx_word' id='word_1_5' title='bbox 296 631 437 692; x_wconf 78' lang='grc'><strong>51111111</strong></span> <span class='ocrx_word' id='word_1_6' title='bbox 460 628 492 691; x_wconf 92' lang='lat' dir='ltr'>in</span> <span class='ocrx_word' id='word_1_7' title='bbox 516 627 574 691; x_wconf 90' lang='lat' dir='ltr'>illa</span> <span class='ocrx_word' id='word_1_8' title='bbox 596 649 676 712; x_wconf 89' lang='lat' dir='ltr'>rupe</span> <span class='ocrx_word' id='word_1_9' title='bbox 695 629 868 694; x_wconf 90' lang='lat' dir='ltr'>considere.</span> <span class='ocrx_word' id='word_1_10' title='bbox 917 628 1064 695; x_wconf 82' lang='lat' dir='ltr'>Ceterum</span> <span class='ocrx_word' id='word_1_11' title='bbox 1085 630 1240 714; x_wconf 84' lang='lat' dir='ltr'><strong>quamdiu</strong></span> <span class='ocrx_word' id='word_1_12' title='bbox 1265 631 1351 695; x_wconf 90' lang='lat' dir='ltr'>intra</span> 
     </span>
     <span class='ocr_line' id='line_1_3' title="bbox 331 716 1350 804; baseline 0.003 -23"><span class='ocrx_word' id='word_1_13' title='bbox 331 739 441 782; x_wconf 90' lang='lat' dir='ltr'>muros</span> <span class='ocrx_word' id='word_1_14' title='bbox 465 716 546 801; x_wconf 90' lang='lat' dir='ltr'>fluit,</span> <span class='ocrx_word' id='word_1_15' title='bbox 568 738 687 782; x_wconf 91' lang='lat' dir='ltr'>nomen</span> <span class='ocrx_word' id='word_1_16' title='bbox 711 740 806 783; x_wconf 90' lang='lat' dir='ltr'>suum</span> <span class='ocrx_word' id='word_1_17' title='bbox 825 719 951 804; x_wconf 90' lang='lat' dir='ltr'>retinet,</span> <span class='ocrx_word' id='word_1_18' title='bbox 976 724 1009 784; x_wconf 92' lang='lat' dir='ltr'>at</span> <span class='ocrx_word' id='word_1_19' title='bbox 1033 742 1107 784; x_wconf 92' lang='lat' dir='ltr'>cum</span> <span class='ocrx_word' id='word_1_20' title='bbox 1131 725 1222 784; x_wconf 88' lang='lat' dir='ltr'>extra</span> <span class='ocrx_word' id='word_1_21' title='bbox 1246 723 1350 786; x_wconf 91' lang='lat' dir='ltr'>muni-</span> 
     </span>
     <span class='ocr_line' id='line_1_4' title="bbox 331 807 1349 895; baseline 0.005 -25"><span class='ocrx_word' id='word_1_22' title='bbox 331 810 439 871; x_wconf 89' lang='lat' dir='ltr'>menta</span> <span class='ocrx_word' id='word_1_23' title='bbox 467 828 501 870; x_wconf 90' lang='grc'>11</span> <span class='ocrx_word' id='word_1_24' title='bbox 529 807 661 886; x_wconf 85' lang='lat' dir='ltr'>evolvit,</span> <span class='ocrx_word' id='word_1_25' title='bbox 689 808 811 873; x_wconf 87' lang='lat' dir='ltr'>maiore</span> <span class='ocrx_word' id='word_1_26' title='bbox 839 810 871 873; x_wconf 87' lang='lat' dir='ltr'>vi</span> <span class='ocrx_word' id='word_1_27' title='bbox 899 831 936 874; x_wconf 90' lang='lat' dir='ltr'>ac</span> <span class='ocrx_word' id='word_1_28' title='bbox 964 810 1048 875; x_wconf 90' lang='lat' dir='ltr'>mole</span> <span class='ocrx_word' id='word_1_29' title='bbox 1073 813 1222 895; x_wconf 89' lang='lat' dir='ltr'>agentem</span> <span class='ocrx_word' id='word_1_30' title='bbox 1246 811 1349 875; x_wconf 88' lang='lat' dir='ltr'>undas</span> 
     </span>
    </p>

    <p class='ocr_par' dir='ltr' id='par_1_3' title="bbox 295 896 1383 1163">
     <span class='ocr_line' id='line_1_5' title="bbox 295 896 1349 982; baseline 0.005 -23"><span class='ocrx_word' id='word_1_31' title='bbox 295 912 311 959; x_wconf 85' lang='lat' dir='ltr'>o</span> <span class='ocrx_word' id='word_1_32' title='bbox 330 896 452 979; x_wconf 86' lang='lat' dir='ltr'>Lycum</span> <span class='ocrx_word' id='word_1_33' title='bbox 467 896 640 981; x_wconf 84' lang='lat' dir='ltr'>appellant.</span> <span class='ocrx_word' id='word_1_34' title='bbox 681 896 865 962; x_wconf 73' lang='lat' dir='ltr'>Alexander</span> <span class='ocrx_word' id='word_1_35' title='bbox 881 898 1012 982; x_wconf 87' lang='lat' dir='ltr'>quidem</span> <span class='ocrx_word' id='word_1_36' title='bbox 1030 899 1143 964; x_wconf 90' lang='lat' dir='ltr'>urbem</span> <span class='ocrx_word' id='word_1_37' title='bbox 1160 900 1349 964; x_wconf 89' lang='lat' dir='ltr'>destitutam</span> 
     </span>
     <span class='ocr_line' id='line_1_6' title="bbox 329 986 1383 1075; baseline 0.004 -25"><span class='ocrx_word' id='word_1_38' title='bbox 329 986 370 1050; x_wconf 93' lang='lat' dir='ltr'>ab</span> <span class='ocrx_word' id='word_1_39' title='bbox 390 987 455 1050; x_wconf 88' lang='lat' dir='ltr'>suis</span> <span class='ocrx_word' id='word_1_40' title='bbox 474 986 583 1068; x_wconf 89' lang='lat' dir='ltr'>intrat,</span> <span class='ocrx_word' id='word_1_41' title='bbox 603 1007 707 1051; x_wconf 89' lang='lat' dir='ltr'>arcem</span> <span class='ocrx_word' id='word_1_42' title='bbox 727 1009 813 1071; x_wconf 92' lang='lat' dir='ltr'>vero,</span> <span class='ocrx_word' id='word_1_43' title='bbox 832 988 980 1071; x_wconf 89' lang='lat' dir='ltr'>inquam</span> <span class='ocrx_word' id='word_1_44' title='bbox 1001 990 1222 1074; x_wconf 79' lang='lat' dir='ltr'>confugerant,</span> <span class='ocrx_word' id='word_1_45' title='bbox 1247 1012 1349 1075; x_wconf 91' lang='lat' dir='ltr'>oppu-</span> <span class='ocrx_word' id='word_1_46' title='bbox 1374 1015 1383 1053; x_wconf 82' lang='grc'>1</span> 
     </span>
     <span class='ocr_line' id='line_1_7' title="bbox 330 1075 1349 1163; baseline 0.005 -25"><span class='ocrx_word' id='word_1_47' title='bbox 330 1098 428 1162; x_wconf 81' lang='lat' dir='ltr'>gnare</span> <span class='ocrx_word' id='word_1_48' title='bbox 447 1075 579 1139; x_wconf 80' lang='lat' dir='ltr'><strong>adortus</strong></span> <span class='ocrx_word' id='word_1_49' title='bbox 598 1076 839 1141; x_wconf 78' lang='lat' dir='ltr'><strong>caduceatorem</strong></span> <span class='ocrx_word' id='word_1_50' title='bbox 859 1077 1034 1161; x_wconf 75' lang='lat' dir='ltr'>praemisit,</span> <span class='ocrx_word' id='word_1_51' title='bbox 1059 1078 1115 1161; x_wconf 93' lang='lat' dir='ltr'>qui</span> <span class='ocrx_word' id='word_1_52' title='bbox 1134 1078 1349 1163; x_wconf 77' lang='lat' dir='ltr'>denuntiaret,</span> 
     </span>
    </p>

    <p class='ocr_par' dir='ltr' id='par_1_4' title="bbox 294 1165 1384 1611">
     <span class='ocr_line' id='line_1_8' title="bbox 294 1165 1348 1251; baseline 0.003 -22"><span class='ocrx_word' id='word_1_53' title='bbox 294 1165 362 1229; x_wconf 76' lang='grc'><strong>1111</strong></span> <span class='ocrx_word' id='word_1_54' title='bbox 396 1165 559 1248; x_wconf 87' lang='lat' dir='ltr'>dederent,</span> <span class='ocrx_word' id='word_1_55' title='bbox 592 1166 680 1250; x_wconf 93' lang='lat' dir='ltr'>ipsos</span> <span class='ocrx_word' id='word_1_56' title='bbox 711 1165 828 1230; x_wconf 91' lang='lat' dir='ltr'>ultima</span> <span class='ocrx_word' id='word_1_57' title='bbox 861 1188 930 1231; x_wconf 87' lang='lat' dir='ltr'>esse</span> <span class='ocrx_word' id='word_1_58' title='bbox 962 1189 1123 1251; x_wconf 88' lang='lat' dir='ltr'>passuros.</span> <span class='ocrx_word' id='word_1_59' title='bbox 1169 1166 1223 1232; x_wconf 87' lang='grc'><strong>1111</strong></span> <span class='ocrx_word' id='word_1_60' title='bbox 1254 1170 1348 1232; x_wconf 84' lang='lat' dir='ltr'>oadu—</span> 
     </span>
     <span class='ocr_line' id='line_1_9' title="bbox 329 1256 1347 1340; baseline 0.004 -21"><span class='ocrx_word' id='word_1_61' title='bbox 329 1258 488 1320; x_wconf 91' lang='lat' dir='ltr'>ceatorem</span> <span class='ocrx_word' id='word_1_62' title='bbox 512 1256 547 1318; x_wconf 90' lang='lat' dir='ltr'>in</span> <span class='ocrx_word' id='word_1_63' title='bbox 569 1259 691 1319; x_wconf 90' lang='lat' dir='ltr'>turrem</span> <span class='ocrx_word' id='word_1_64' title='bbox 722 1260 754 1321; x_wconf 89' lang='lat' dir='ltr'>et</span> <span class='ocrx_word' id='word_1_65' title='bbox 782 1256 848 1320; x_wconf 92' lang='lat' dir='ltr'>situ</span> <span class='ocrx_word' id='word_1_66' title='bbox 876 1261 908 1320; x_wconf 90' lang='lat' dir='ltr'>et</span> <span class='ocrx_word' id='word_1_67' title='bbox 937 1278 1032 1340; x_wconf 90' lang='lat' dir='ltr'>opere</span> <span class='ocrx_word' id='word_1_68' title='bbox 1059 1259 1198 1322; x_wconf 89' lang='lat' dir='ltr'>multum</span> <span class='ocrx_word' id='word_1_69' title='bbox 1228 1259 1347 1323; x_wconf 91' lang='lat' dir='ltr'>editam</span> 
     </span>
     <span class='ocr_line' id='line_1_10' title="bbox 328 1345 1348 1430; baseline 0.004 -22"><span class='ocrx_word' id='word_1_70' title='bbox 328 1345 533 1428; x_wconf 88' lang='lat' dir='ltr'>perductum,</span> <span class='ocrx_word' id='word_1_71' title='bbox 565 1348 685 1427; x_wconf 91' lang='lat' dir='ltr'>quanta</span> <span class='ocrx_word' id='word_1_72' title='bbox 715 1349 800 1409; x_wconf 88' lang='lat' dir='ltr'>esset</span> <span class='ocrx_word' id='word_1_73' title='bbox 830 1345 981 1430; x_wconf 85' lang='lat' dir='ltr'>altitude,</span> <span class='ocrx_word' id='word_1_74' title='bbox 1017 1347 1136 1411; x_wconf 90' lang='lat' dir='ltr'>intueri</span> <span class='ocrx_word' id='word_1_75' title='bbox 1166 1347 1281 1412; x_wconf 88' lang='lat' dir='ltr'>iubent</span> <span class='ocrx_word' id='word_1_76' title='bbox 1312 1370 1348 1412; x_wconf 88' lang='lat' dir='ltr'>ae</span> 
     </span>
     <span class='ocr_line' id='line_1_11' title="bbox 328 1433 1384 1518; baseline 0.004 -22"><span class='ocrx_word' id='word_1_77' title='bbox 328 1434 477 1498; x_wconf 85' lang='lat' dir='ltr'>nuntiare</span> <span class='ocrx_word' id='word_1_78' title='bbox 486 1433 679 1518; x_wconf 85' lang='lat' dir='ltr'>Alexandro,</span> <span class='ocrx_word' id='word_1_79' title='bbox 693 1456 759 1499; x_wconf 91' lang='lat' dir='ltr'>non</span> <span class='ocrx_word' id='word_1_80' title='bbox 774 1435 884 1498; x_wconf 84' lang='lat' dir='ltr'>eadem</span> <span class='ocrx_word' id='word_1_81' title='bbox 894 1436 1002 1518; x_wconf 92' lang='lat' dir='ltr'>ipsum</span> <span class='ocrx_word' id='word_1_82' title='bbox 1017 1441 1049 1500; x_wconf 92' lang='lat' dir='ltr'>et</span> <span class='ocrx_word' id='word_1_83' title='bbox 1063 1436 1185 1500; x_wconf 84' lang='lat' dir='ltr'>incolas</span> <span class='ocrx_word' id='word_1_84' title='bbox 1197 1437 1347 1502; x_wconf 91' lang='lat' dir='ltr'>aestima·</span> <span class='ocrx_word' id='word_1_85' title='bbox 1362 1463 1384 1500; x_wconf 85' lang='lat' dir='ltr'>n</span> 
     </span>
     <span class='ocr_line' id='line_1_12' title="bbox 328 1523 1348 1611; baseline 0.006 -25"><span class='ocrx_word' id='word_1_86' title='bbox 328 1523 416 1589; x_wconf 91' lang='lat' dir='ltr'>tione</span> <span class='ocrx_word' id='word_1_87' title='bbox 441 1524 640 1587; x_wconf 84' lang='lat' dir='ltr'>munimenta</span> <span class='ocrx_word' id='word_1_88' title='bbox 664 1524 785 1589; x_wconf 89' lang='lat' dir='ltr'>metiri:</span> <span class='ocrx_word' id='word_1_89' title='bbox 815 1547 847 1589; x_wconf 89' lang='lat' dir='ltr'>se</span> <span class='ocrx_word' id='word_1_90' title='bbox 872 1524 952 1590; x_wconf 89' lang='lat' dir='ltr'>scire</span> <span class='ocrx_word' id='word_1_91' title='bbox 976 1526 1243 1611; x_wconf 82' lang='lat' dir='ltr'>inexpugnabiles</span> <span class='ocrx_word' id='word_1_92' title='bbox 1269 1548 1348 1610; x_wconf 87' lang='lat' dir='ltr'>esse,</span> 
     </span>
    </p>

    <p class='ocr_par' dir='ltr' id='par_1_5' title="bbox 292 1612 1347 1877">
     <span class='ocr_line' id='line_1_13' title="bbox 292 1612 1347 1698; baseline 0.005 -23"><span class='ocrx_word' id='word_1_93' title='bbox 292 1613 369 1675; x_wconf 88' lang='lat' dir='ltr'>8ad</span> <span class='ocrx_word' id='word_1_94' title='bbox 391 1613 542 1677; x_wconf 90' lang='lat' dir='ltr'>ultimum</span> <span class='ocrx_word' id='word_1_95' title='bbox 569 1635 629 1698; x_wconf 91' lang='lat' dir='ltr'>pro</span> <span class='ocrx_word' id='word_1_96' title='bbox 653 1612 716 1677; x_wconf 89' lang='lat' dir='ltr'>fide</span> <span class='ocrx_word' id='word_1_97' title='bbox 740 1614 925 1679; x_wconf 88' lang='lat' dir='ltr'>morituros.</span> <span class='ocrx_word' id='word_1_98' title='bbox 972 1612 1121 1679; x_wconf 81' lang='lat' dir='ltr'>Ceterum</span> <span class='ocrx_word' id='word_1_99' title='bbox 1152 1619 1189 1679; x_wconf 97' lang='lat' dir='ltr'>ut</span> <span class='ocrx_word' id='word_1_100' title='bbox 1212 1616 1347 1681; x_wconf 92' lang='lat' dir='ltr'>circum-</span> 
     </span>
     <span class='ocr_line' id='line_1_14' title="bbox 328 1702 1347 1789; baseline 0.004 -24"><span class='ocrx_word' id='word_1_101' title='bbox 328 1702 430 1766; x_wconf 87' lang='lat' dir='ltr'>sederi</span> <span class='ocrx_word' id='word_1_102' title='bbox 445 1723 550 1766; x_wconf 90' lang='lat' dir='ltr'>arcem</span> <span class='ocrx_word' id='word_1_103' title='bbox 570 1705 602 1765; x_wconf 88' lang='lat' dir='ltr'>et</span> <span class='ocrx_word' id='word_1_104' title='bbox 617 1702 725 1767; x_wconf 90' lang='lat' dir='ltr'>omnia</span> <span class='ocrx_word' id='word_1_105' title='bbox 745 1703 809 1767; x_wconf 90' lang='lat' dir='ltr'>sibi</span> <span class='ocrx_word' id='word_1_106' title='bbox 827 1704 861 1768; x_wconf 93' lang='lat' dir='ltr'>in</span> <span class='ocrx_word' id='word_1_107' title='bbox 880 1704 947 1767; x_wconf 90' lang='lat' dir='ltr'>dies</span> <span class='ocrx_word' id='word_1_108' title='bbox 963 1705 1083 1769; x_wconf 90' lang='lat' dir='ltr'>artiora</span> <span class='ocrx_word' id='word_1_109' title='bbox 1102 1727 1170 1770; x_wconf 90' lang='lat' dir='ltr'>esse</span> <span class='ocrx_word' id='word_1_110' title='bbox 1187 1706 1347 1789; x_wconf 85' lang='lat' dir='ltr'>viderunt,</span> 
     </span>
     <span class='ocr_line' id='line_1_15' title="bbox 327 1792 1346 1877; baseline 0.004 -22"><span class='ocrx_word' id='word_1_111' title='bbox 327 1792 495 1876; x_wconf 84' lang='lat' dir='ltr'>sexaginta</span> <span class='ocrx_word' id='word_1_112' title='bbox 527 1792 650 1855; x_wconf 90' lang='lat' dir='ltr'>dierum</span> <span class='ocrx_word' id='word_1_113' title='bbox 682 1792 825 1856; x_wconf 89' lang='lat' dir='ltr'>indutias</span> <span class='ocrx_word' id='word_1_114' title='bbox 855 1795 956 1877; x_wconf 88' lang='lat' dir='ltr'>pacti,</span> <span class='ocrx_word' id='word_1_115' title='bbox 991 1797 1040 1876; x_wconf 91' lang='lat' dir='ltr'>ut,</span> <span class='ocrx_word' id='word_1_116' title='bbox 1077 1794 1141 1858; x_wconf 89' lang='lat' dir='ltr'>nisi</span> <span class='ocrx_word' id='word_1_117' title='bbox 1174 1795 1258 1859; x_wconf 90' lang='lat' dir='ltr'>intra</span> <span class='ocrx_word' id='word_1_118' title='bbox 1292 1818 1346 1861; x_wconf 87' lang='lat' dir='ltr'>eos</span> 
     </span>
    </p>

    <p class='ocr_par' dir='ltr' id='par_1_6' title="bbox 208 1879 1384 2146">
     <span class='ocr_line' id='line_1_16' title="bbox 208 1879 1384 1969; baseline 0.004 -25"><span class='ocrx_word' id='word_1_119' title='bbox 208 1894 210 1897; x_wconf 82' lang='grc'><strong>’</strong></span> <span class='ocrx_word' id='word_1_120' title='bbox 325 1881 484 1945; x_wconf 85' lang='lat' dir='ltr'>auxilium</span> <span class='ocrx_word' id='word_1_121' title='bbox 506 1879 631 1945; x_wconf 89' lang='lat' dir='ltr'>Dareus</span> <span class='ocrx_word' id='word_1_122' title='bbox 655 1881 735 1966; x_wconf 90' lang='lat' dir='ltr'>ipsis</span> <span class='ocrx_word' id='word_1_123' title='bbox 759 1883 910 1967; x_wconf 86' lang='lat' dir='ltr'>misisset,</span> <span class='ocrx_word' id='word_1_124' title='bbox 934 1883 1086 1948; x_wconf 87' lang='lat' dir='ltr'>dederent</span> <span class='ocrx_word' id='word_1_125' title='bbox 1108 1884 1230 1963; x_wconf 89' lang='lat' dir='ltr'>urbem,</span> <span class='ocrx_word' id='word_1_126' title='bbox 1259 1890 1384 1969; x_wconf 80' lang='lat' dir='ltr'>post-15</span> 
     </span>
     <span class='ocr_line' id='line_1_17' title="bbox 327 1970 1346 2057; baseline 0.003 -23"><span class='ocrx_word' id='word_1_127' title='bbox 327 1993 424 2054; x_wconf 92' lang='lat' dir='ltr'>quam</span> <span class='ocrx_word' id='word_1_128' title='bbox 447 1970 532 2034; x_wconf 91' lang='lat' dir='ltr'>nihil</span> <span class='ocrx_word' id='word_1_129' title='bbox 555 1970 629 2035; x_wconf 92' lang='lat' dir='ltr'>inde</span> <span class='ocrx_word' id='word_1_130' title='bbox 652 1972 805 2055; x_wconf 84' lang='lat' dir='ltr'>praesidii</span> <span class='ocrx_word' id='word_1_131' title='bbox 828 1972 1027 2057; x_wconf 83' lang='lat' dir='ltr'>mittebatur,</span> <span class='ocrx_word' id='word_1_132' title='bbox 1054 1974 1095 2037; x_wconf 91' lang='lat' dir='ltr'>ad</span> <span class='ocrx_word' id='word_1_133' title='bbox 1118 1974 1346 2056; x_wconf 89' lang='lat' dir='ltr'>praestitutam</span> 
     </span>
     <span class='ocr_line' id='line_1_18' title="bbox 326 2060 764 2146; baseline 0.005 -23"><span class='ocrx_word' id='word_1_134' title='bbox 326 2061 410 2124; x_wconf 89' lang='lat' dir='ltr'>diem</span> <span class='ocrx_word' id='word_1_135' title='bbox 434 2060 607 2143; x_wconf 89' lang='lat' dir='ltr'>permisere</span> <span class='ocrx_word' id='word_1_136' title='bbox 631 2082 665 2125; x_wconf 87' lang='lat' dir='ltr'>se</span> <span class='ocrx_word' id='word_1_137' title='bbox 687 2060 764 2146; x_wconf 86' lang='lat' dir='ltr'>regi.</span> 
     </span>
    </p>

    <p class='ocr_par' dir='ltr' id='par_1_7' title="bbox 291 2148 1385 2413">
     <span class='ocr_line' id='line_1_19' title="bbox 291 2148 1346 2237; baseline 0.004 -24"><span class='ocrx_word' id='word_1_138' title='bbox 291 2165 306 2213; x_wconf 82' lang='lat'>9</span> <span class='ocrx_word' id='word_1_139' title='bbox 395 2148 634 2232; x_wconf 84' lang='lat' dir='ltr'>Superveniunt</span> <span class='ocrx_word' id='word_1_140' title='bbox 657 2149 771 2213; x_wconf 89' lang='lat' dir='ltr'>deinde</span> <span class='ocrx_word' id='word_1_141' title='bbox 798 2150 899 2237; x_wconf 83' lang='lat' dir='ltr'>legati</span> <span class='ocrx_word' id='word_1_142' title='bbox 918 2149 1166 2217; x_wconf 85' lang='lat' dir='ltr'>Atheniensium</span> <span class='ocrx_word' id='word_1_143' title='bbox 1189 2155 1346 2236; x_wconf 72' lang='lat' dir='ltr'>petentes</span> 
     </span>
     <span class='ocr_line' id='line_1_20' title="bbox 325 2238 1346 2322; baseline 0.004 -19"><span class='ocrx_word' id='word_1_144' title='bbox 325 2243 362 2303; x_wconf 90' lang='lat' dir='ltr'>ut</span> <span class='ocrx_word' id='word_1_145' title='bbox 386 2239 471 2322; x_wconf 89' lang='lat' dir='ltr'>capti</span> <span class='ocrx_word' id='word_1_146' title='bbox 491 2239 577 2322; x_wconf 92' lang='lat' dir='ltr'>apud</span> <span class='ocrx_word' id='word_1_147' title='bbox 597 2238 770 2303; x_wconf 79' lang='lat' dir='ltr'>Granicum</span> <span class='ocrx_word' id='word_1_148' title='bbox 791 2262 916 2304; x_wconf 84' lang='lat' dir='ltr'>amnem</span> <span class='ocrx_word' id='word_1_149' title='bbox 936 2239 1145 2305; x_wconf 84' lang='lat' dir='ltr'>redderentur</span> <span class='ocrx_word' id='word_1_150' title='bbox 1169 2241 1239 2305; x_wconf 92' lang='lat' dir='ltr'>sibi.</span> <span class='ocrx_word' id='word_1_151' title='bbox 1287 2242 1346 2307; x_wconf 88' lang='lat' dir='ltr'>llle</span> 
     </span>
     <span class='ocr_line' id='line_1_21' title="bbox 324 2327 1385 2413; baseline 0.005 -21"><span class='ocrx_word' id='word_1_152' title='bbox 324 2350 391 2393; x_wconf 90' lang='lat' dir='ltr'>non</span> <span class='ocrx_word' id='word_1_153' title='bbox 413 2328 474 2391; x_wconf 88' lang='lat' dir='ltr'>hos</span> <span class='ocrx_word' id='word_1_154' title='bbox 493 2327 600 2413; x_wconf 93' lang='lat' dir='ltr'>modo,</span> <span class='ocrx_word' id='word_1_155' title='bbox 623 2328 678 2392; x_wconf 89' lang='lat' dir='ltr'>sed</span> <span class='ocrx_word' id='word_1_156' title='bbox 702 2329 800 2393; x_wconf 92' lang='lat' dir='ltr'>etiam</span> <span class='ocrx_word' id='word_1_157' title='bbox 826 2333 948 2395; x_wconf 87' lang='lat' dir='ltr'>ceteros</span> <span class='ocrx_word' id='word_1_158' title='bbox 968 2327 1105 2394; x_wconf 87' lang='lat' dir='ltr'>Graecos</span> <span class='ocrx_word' id='word_1_159' title='bbox 1124 2332 1252 2395; x_wconf 87' lang='lat' dir='ltr'>restitui</span> <span class='ocrx_word' id='word_1_160' title='bbox 1277 2334 1346 2397; x_wconf 90' lang='lat' dir='ltr'>suis</span> <span class='ocrx_word' id='word_1_161' title='bbox 1361 2359 1385 2397; x_wconf 81' lang='grc'>11</span> 
     </span>
    </p>

    <p class='ocr_par' dir='ltr' id='par_1_8' title="bbox 274 2418 1378 2752">
     <span class='ocr_line' id='line_1_22' title="bbox 274 2418 1378 2501; baseline 0 -20"><span class='ocrx_word' id='word_1_162' title='bbox 274 2434 306 2481; x_wconf 87' lang='lat'>10</span> <span class='ocrx_word' id='word_1_163' title='bbox 325 2418 487 2481; x_wconf 89' lang='lat' dir='ltr'>iussurum</span> <span class='ocrx_word' id='word_1_164' title='bbox 501 2419 668 2501; x_wconf 90' lang='lat' dir='ltr'>respondit</span> <span class='ocrx_word' id='word_1_165' title='bbox 682 2418 776 2484; x_wconf 89' lang='lat' dir='ltr'>finito</span> <span class='ocrx_word' id='word_1_166' title='bbox 791 2418 921 2485; x_wconf 91' lang='lat' dir='ltr'>Persico</span> <span class='ocrx_word' id='word_1_167' title='bbox 935 2419 1031 2484; x_wconf 88' lang='lat' dir='ltr'>bello.</span> <span class='ocrx_word' id='word_1_168' title='bbox 1075 2418 1222 2484; x_wconf 85' lang='lat' dir='ltr'>Getarum</span> <span class='ocrx_word' id='word_1_169' title='bbox 1238 2420 1345 2486; x_wconf 90' lang='lat' dir='ltr'>Dareo</span> <span class='ocrx_word' id='word_1_170' title='bbox 1362 2428 1378 2481; x_wconf 71' lang='grc'>1</span> 
     </span>
     <span class='ocr_line' id='line_1_23' title="bbox 325 2507 1346 2596; baseline 0.006 -25"><span class='ocrx_word' id='word_1_171' title='bbox 325 2507 507 2591; x_wconf 90' lang='lat' dir='ltr'>imminens,</span> <span class='ocrx_word' id='word_1_172' title='bbox 531 2529 627 2590; x_wconf 90' lang='lat' dir='ltr'>quem</span> <span class='ocrx_word' id='word_1_173' title='bbox 650 2507 795 2573; x_wconf 90' lang='lat' dir='ltr'>nondum</span> <span class='ocrx_word' id='word_1_174' title='bbox 819 2508 1010 2593; x_wconf 81' lang='lat' dir='ltr'>Euphraten</span> <span class='ocrx_word' id='word_1_175' title='bbox 1034 2532 1202 2594; x_wconf 88' lang='lat' dir='ltr'>superasse</span> <span class='ocrx_word' id='word_1_176' title='bbox 1228 2531 1346 2596; x_wconf 86' lang='lat' dir='ltr'>eogno-</span> 
     </span>
     <span class='ocr_line' id='line_1_24' title="bbox 324 2596 1344 2682; baseline 0.003 -21"><span class='ocrx_word' id='word_1_177' title='bbox 324 2601 428 2679; x_wconf 82' lang='lat' dir='ltr'>verat,</span> <span class='ocrx_word' id='word_1_178' title='bbox 456 2596 598 2680; x_wconf 92' lang='lat' dir='ltr'>undique</span> <span class='ocrx_word' id='word_1_179' title='bbox 634 2619 744 2662; x_wconf 91' lang='lat' dir='ltr'>omnes</span> <span class='ocrx_word' id='word_1_180' title='bbox 773 2599 882 2682; x_wconf 90' lang='lat' dir='ltr'>copias</span> <span class='ocrx_word' id='word_1_181' title='bbox 911 2598 1073 2663; x_wconf 88' lang='lat' dir='ltr'>contrahit</span> <span class='ocrx_word' id='word_1_182' title='bbox 1111 2600 1191 2664; x_wconf 91' lang='lat' dir='ltr'>totis</span> <span class='ocrx_word' id='word_1_183' title='bbox 1219 2601 1344 2666; x_wconf 83' lang='lat' dir='ltr'>viribus</span> 
     </span>
     <span class='ocr_line' id='line_1_25' title="bbox 324 2685 883 2752; baseline 0.005 -3"><span class='ocrx_word' id='word_1_184' title='bbox 324 2687 407 2751; x_wconf 89' lang='lat' dir='ltr'>tanti</span> <span class='ocrx_word' id='word_1_185' title='bbox 430 2685 510 2750; x_wconf 90' lang='lat' dir='ltr'>belli</span> <span class='ocrx_word' id='word_1_186' title='bbox 534 2686 706 2751; x_wconf 87' lang='lat' dir='ltr'>discrimen</span> <span class='ocrx_word' id='word_1_187' title='bbox 730 2687 883 2752; x_wconf 88' lang='lat' dir='ltr'>aditurus.</span> 
     </span>
    </p>

    <p class='ocr_par' dir='ltr' id='par_1_9' title="bbox 272 2774 1385 2951">
     <span class='ocr_line' id='line_1_26' title="bbox 272 2774 1385 2863; baseline 0.005 -23"><span class='ocrx_word' id='word_1_188' title='bbox 272 2792 303 2840; x_wconf 88' lang='lat'>11</span> <span class='ocrx_word' id='word_1_189' title='bbox 390 2774 534 2862; x_wconf 86' lang='lat' dir='ltr'>Phrygia</span> <span class='ocrx_word' id='word_1_190' title='bbox 558 2780 634 2860; x_wconf 90' lang='lat' dir='ltr'>erat,</span> <span class='ocrx_word' id='word_1_191' title='bbox 657 2800 716 2861; x_wconf 91' lang='lat' dir='ltr'>per</span> <span class='ocrx_word' id='word_1_192' title='bbox 735 2799 831 2861; x_wconf 91' lang='lat' dir='ltr'>quam</span> <span class='ocrx_word' id='word_1_193' title='bbox 852 2777 1029 2842; x_wconf 89' lang='lat' dir='ltr'>ducebatur</span> <span class='ocrx_word' id='word_1_194' title='bbox 1047 2776 1220 2842; x_wconf 85' lang='lat' dir='ltr'>exercitus:</span> <span class='ocrx_word' id='word_1_195' title='bbox 1243 2777 1344 2863; x_wconf 89' lang='lat' dir='ltr'>pluri·</span> <span class='ocrx_word' id='word_1_196' title='bbox 1361 2807 1385 2846; x_wconf 76' lang='grc'>11</span> 
     </span>
     <span class='ocr_line' id='line_1_27' title="bbox 322 2866 1343 2951; baseline 0.004 -23"><span class='ocrx_word' id='word_1_197' title='bbox 322 2866 383 2929; x_wconf 93' lang='lat' dir='ltr'>bus</span> <span class='ocrx_word' id='word_1_198' title='bbox 403 2866 482 2929; x_wconf 84' lang='lat' dir='ltr'>vicis</span> <span class='ocrx_word' id='word_1_199' title='bbox 502 2887 598 2948; x_wconf 89' lang='lat' dir='ltr'>quam</span> <span class='ocrx_word' id='word_1_200' title='bbox 617 2866 753 2931; x_wconf 89' lang='lat' dir='ltr'>urbibus</span> <span class='ocrx_word' id='word_1_201' title='bbox 771 2866 924 2951; x_wconf 88' lang='lat' dir='ltr'>frequens</span> <span class='ocrx_word' id='word_1_202' title='bbox 943 2869 1022 2932; x_wconf 89' lang='lat' dir='ltr'>tunc</span> <span class='ocrx_word' id='word_1_203' title='bbox 1039 2867 1182 2932; x_wconf 90' lang='lat' dir='ltr'>habebat</span> <span class='ocrx_word' id='word_1_204' title='bbox 1199 2867 1343 2933; x_wconf 91' lang='lat' dir='ltr'>nobilem</span> 
     </span>
    </p>

    <p class='ocr_par' dir='ltr' id='par_1_10' title="bbox 272 2954 1344 3130">
     <span class='ocr_line' id='line_1_28' title="bbox 272 2954 1344 3043; baseline 0.005 -26"><span class='ocrx_word' id='word_1_205' title='bbox 272 2972 304 3018; x_wconf 80' lang='grc'>11</span> <span class='ocrx_word' id='word_1_206' title='bbox 324 2955 486 3038; x_wconf 89' lang='lat' dir='ltr'>quondam</span> <span class='ocrx_word' id='word_1_207' title='bbox 514 2954 621 3020; x_wconf 92' lang='lat' dir='ltr'>Midae</span> <span class='ocrx_word' id='word_1_208' title='bbox 649 2955 779 3043; x_wconf 86' lang='lat' dir='ltr'>regiam.</span> <span class='ocrx_word' id='word_1_209' title='bbox 837 2954 990 3020; x_wconf 77' lang='lat' dir='ltr'>Gordium</span> <span class='ocrx_word' id='word_1_210' title='bbox 1023 2978 1141 3021; x_wconf 91' lang='lat' dir='ltr'>nomen</span> <span class='ocrx_word' id='word_1_211' title='bbox 1174 2961 1222 3020; x_wconf 90' lang='lat' dir='ltr'>est</span> <span class='ocrx_word' id='word_1_212' title='bbox 1255 2959 1344 3042; x_wconf 90' lang='lat' dir='ltr'>urbi,</span> 
     </span>
     <span class='ocr_line' id='line_1_29' title="bbox 324 3042 1343 3130; baseline 0.005 -23"><span class='ocrx_word' id='word_1_213' title='bbox 324 3066 420 3128; x_wconf 90' lang='lat' dir='ltr'>quam</span> <span class='ocrx_word' id='word_1_214' title='bbox 440 3042 616 3129; x_wconf 85' lang='lat' dir='ltr'>Sangarius</span> <span class='ocrx_word' id='word_1_215' title='bbox 636 3046 739 3109; x_wconf 83' lang='lat' dir='ltr'>amnis</span> <span class='ocrx_word' id='word_1_216' title='bbox 758 3044 961 3130; x_wconf 89' lang='lat' dir='ltr'>praeterfluit</span> <span class='ocrx_word' id='word_1_217' title='bbox 979 3047 1050 3129; x_wconf 88' lang='lat' dir='ltr'>pari</span> <span class='ocrx_word' id='word_1_218' title='bbox 1069 3046 1240 3111; x_wconf 86' lang='lat' dir='ltr'>intervallo</span> <span class='ocrx_word' id='word_1_219' title='bbox 1259 3045 1343 3112; x_wconf 93' lang='lat' dir='ltr'>Pon-</span> 
     </span>
    </p>

    <p class='ocr_par' dir='ltr' id='par_1_11' title="bbox 273 3132 1343 3201">
     <span class='ocr_line' id='line_1_30' title="bbox 273 3132 1343 3201; baseline 0.003 -3"><span class='ocrx_word' id='word_1_220' title='bbox 273 3149 305 3198; x_wconf 80' lang='grc'>11</span> <span class='ocrx_word' id='word_1_221' title='bbox 324 3134 388 3199; x_wconf 86' lang='grc'><strong>1111</strong></span> <span class='ocrx_word' id='word_1_222' title='bbox 418 3138 450 3198; x_wconf 91' lang='grc'>11</span> <span class='ocrx_word' id='word_1_223' title='bbox 474 3132 587 3200; x_wconf 81' lang='lat' dir='ltr'>Cilicio</span> <span class='ocrx_word' id='word_1_224' title='bbox 615 3135 697 3199; x_wconf 91' lang='lat' dir='ltr'>mari</span> <span class='ocrx_word' id='word_1_225' title='bbox 721 3133 904 3201; x_wconf 90' lang='lat' dir='ltr'>distantem.</span> <span class='ocrx_word' id='word_1_226' title='bbox 950 3133 1040 3200; x_wconf 90' lang='lat' dir='ltr'>Inter</span> <span class='ocrx_word' id='word_1_227' title='bbox 1062 3135 1141 3200; x_wconf 88' lang='lat' dir='ltr'>haee</span> <span class='ocrx_word' id='word_1_228' title='bbox 1164 3137 1266 3201; x_wconf 90' lang='lat' dir='ltr'>maria</span> <span class='ocrx_word' id='word_1_229' title='bbox 1289 3161 1343 3201; x_wconf 91' lang='lat' dir='ltr'>an-</span> 
     </span>
    </p>
   </div>
   <div class='ocr_carea' id='block_1_3' title="bbox 321 3364 1343 3937">
    <p class='ocr_par' dir='ltr' id='par_1_12' title="bbox 321 3364 1343 3937">
     <span class='ocr_line' id='line_1_31' title="bbox 395 3364 1343 3438; baseline 0.005 -22"><span class='ocrx_word' id='word_1_230' title='bbox 395 3364 511 3434; x_wconf 83' lang='lat' dir='ltr'>lrupe]</span> <span class='ocrx_word' id='word_1_231' title='bbox 529 3380 621 3433; x_wconf 90' lang='lat' dir='ltr'>ruppe</span> <span class='ocrx_word' id='word_1_232' title='bbox 638 3368 669 3417; x_wconf 83' lang='lat' dir='ltr'>v.</span> <span class='ocrx_word' id='word_1_233' title='bbox 743 3364 886 3433; x_wconf 82' lang='lat' dir='ltr'>4Lycum</span> <span class='ocrx_word' id='word_1_234' title='bbox 904 3370 930 3417; x_wconf 84' lang='lat'>1:</span> <span class='ocrx_word' id='word_1_235' title='bbox 955 3364 1042 3418; x_wconf 89' lang='lat' dir='ltr'>licum</span> <span class='ocrx_word' id='word_1_236' title='bbox 1060 3369 1090 3418; x_wconf 86' lang='grc' dir='ltr'>Δ.</span> <span class='ocrx_word' id='word_1_237' title='bbox 1183 3366 1343 3438; x_wconf 89' lang='lat' dir='ltr'>appellant]</span> 
     </span>
     <span class='ocr_line' id='line_1_32' title="bbox 322 3434 1343 3507; baseline 0.003 -18"><span class='ocrx_word' id='word_1_238' title='bbox 322 3434 450 3504; x_wconf 90' lang='lat' dir='ltr'>apellant</span> <span class='ocrx_word' id='word_1_239' title='bbox 468 3441 495 3487; x_wconf 81' lang='lat' dir='ltr'>P.</span> <span class='ocrx_word' id='word_1_240' title='bbox 593 3441 625 3488; x_wconf 82' lang='lat'>12</span> <span class='ocrx_word' id='word_1_241' title='bbox 645 3435 856 3507; x_wconf 89' lang='lat' dir='ltr'>circumsederi]</span> <span class='ocrx_word' id='word_1_242' title='bbox 882 3437 1075 3490; x_wconf 86' lang='lat' dir='ltr'>circumsideri</span> <span class='ocrx_word' id='word_1_243' title='bbox 1098 3443 1123 3491; x_wconf 84' lang='lat' dir='ltr'>c.</span> <span class='ocrx_word' id='word_1_244' title='bbox 1221 3443 1254 3491; x_wconf 80' lang='lat' dir='ltr'>lo</span> <span class='ocrx_word' id='word_1_245' title='bbox 1273 3438 1343 3507; x_wconf 85' lang='lat' dir='ltr'>ipsis</span> 
     </span>
     <span class='ocr_line' id='line_1_33' title="bbox 323 3506 1343 3579; baseline 0.002 -18"><span class='ocrx_word' id='word_1_246' title='bbox 323 3506 581 3575; x_wconf 71' lang='lat' dir='ltr'>Modim21ps0a</span> <span class='ocrx_word' id='word_1_247' title='bbox 664 3513 697 3560; x_wconf 78' lang='lat'>21</span> <span class='ocrx_word' id='word_1_248' title='bbox 716 3508 809 3579; x_wconf 88' lang='lat' dir='ltr'>finito]</span> <span class='ocrx_word' id='word_1_249' title='bbox 828 3507 891 3562; x_wconf 90' lang='lat' dir='ltr'>finit</span> <span class='ocrx_word' id='word_1_250' title='bbox 908 3514 929 3560; x_wconf 82' lang='lat' dir='ltr'>P</span> <span class='ocrx_word' id='word_1_251' title='bbox 947 3526 981 3562; x_wconf 81' lang='lat' dir='ltr'>m.</span> <span class='ocrx_word' id='word_1_252' title='bbox 992 3526 1038 3578; x_wconf 84' lang='lat' dir='ltr'>pr.</span> <span class='ocrx_word' id='word_1_253' title='bbox 1125 3515 1158 3563; x_wconf 77' lang='lat'>22</span> <span class='ocrx_word' id='word_1_254' title='bbox 1178 3508 1343 3579; x_wconf 77' lang='lat' dir='ltr'>Euphraten</span> 
     </span>
     <span class='ocr_line' id='line_1_34' title="bbox 322 3578 1288 3660; baseline 0.002 -27"><span class='ocrx_word' id='word_1_255' title='bbox 322 3578 560 3660; x_wconf 77' lang='lat' dir='ltr'>Saotenburpiaa:</span> <span class='ocrx_word' id='word_1_256' title='bbox 580 3578 710 3633; x_wconf 85' lang='lat' dir='ltr'>eufraten</span> <span class='ocrx_word' id='word_1_257' title='bbox 718 3584 748 3635; x_wconf 89' lang='grc' dir='ltr'>Δ.</span> <span class='ocrx_word' id='word_1_258' title='bbox 806 3585 839 3633; x_wconf 78' lang='lat'>25</span> <span class='ocrx_word' id='word_1_259' title='bbox 853 3580 929 3649; x_wconf 80' lang='lat' dir='ltr'>Phry</span> <span class='ocrx_word' id='word_1_260' title='bbox 951 3579 978 3633; x_wconf 81' lang='lat' dir='ltr'>‘a</span> <span class='ocrx_word' id='word_1_261' title='bbox 993 3582 1119 3635; x_wconf 77' lang='lat' dir='ltr'>Merula:</span> <span class='ocrx_word' id='word_1_262' title='bbox 1134 3580 1248 3651; x_wconf 78' lang='lat' dir='ltr'>phrigia</span> <span class='ocrx_word' id='word_1_263' title='bbox 1257 3586 1288 3635; x_wconf 88' lang='grc' dir='ltr'>Δ.</span> 
     </span>
     <span class='ocr_line' id='line_1_35' title="bbox 321 3648 1342 3723; baseline 0.005 -21"><span class='ocrx_word' id='word_1_264' title='bbox 321 3648 450 3718; x_wconf 87' lang='lat' dir='ltr'>pluribus</span> <span class='ocrx_word' id='word_1_265' title='bbox 469 3649 549 3720; x_wconf 81' lang='lat' dir='ltr'>vicis]</span> <span class='ocrx_word' id='word_1_266' title='bbox 568 3667 619 3704; x_wconf 84' lang='lat' dir='ltr'>om.</span> <span class='ocrx_word' id='word_1_267' title='bbox 634 3656 655 3704; x_wconf 81' lang='lat' dir='ltr'>B</span> <span class='ocrx_word' id='word_1_268' title='bbox 673 3670 708 3705; x_wconf 87' lang='lat' dir='ltr'>m.</span> <span class='ocrx_word' id='word_1_269' title='bbox 722 3669 766 3720; x_wconf 80' lang='lat' dir='ltr'>pr.</span> <span class='ocrx_word' id='word_1_270' title='bbox 841 3656 875 3705; x_wconf 78' lang='grc'>26</span> <span class='ocrx_word' id='word_1_271' title='bbox 894 3650 932 3705; x_wconf 90' lang='lat' dir='ltr'>ha</span> <span class='ocrx_word' id='word_1_272' title='bbox 953 3651 1030 3723; x_wconf 88' lang='lat' dir='ltr'>ebat]</span> <span class='ocrx_word' id='word_1_273' title='bbox 1049 3650 1193 3706; x_wconf 86' lang='lat' dir='ltr'>habebant</span> <span class='ocrx_word' id='word_1_274' title='bbox 1211 3658 1232 3704; x_wconf 81' lang='lat' dir='ltr'>P</span> <span class='ocrx_word' id='word_1_275' title='bbox 1250 3671 1285 3708; x_wconf 81' lang='lat' dir='ltr'>m.</span> <span class='ocrx_word' id='word_1_276' title='bbox 1295 3671 1342 3723; x_wconf 84' lang='lat' dir='ltr'>pr.</span> 
     </span>
     <span class='ocr_line' id='line_1_36' title="bbox 321 3721 1287 3795; baseline 0.004 -20"><span class='ocrx_word' id='word_1_277' title='bbox 321 3726 356 3775; x_wconf 76' lang='lat'>2⁷</span> <span class='ocrx_word' id='word_1_278' title='bbox 376 3721 530 3792; x_wconf 89' lang='lat' dir='ltr'>qnondam]</span> <span class='ocrx_word' id='word_1_279' title='bbox 554 3723 676 3791; x_wconf 84' lang='lat' dir='ltr'>quodam</span> <span class='ocrx_word' id='word_1_280' title='bbox 695 3728 715 3774; x_wconf 83' lang='lat' dir='ltr'>P</span> <span class='ocrx_word' id='word_1_281' title='bbox 733 3741 767 3777; x_wconf 86' lang='lat' dir='ltr'>m.</span> <span class='ocrx_word' id='word_1_282' title='bbox 778 3740 825 3791; x_wconf 83' lang='lat' dir='ltr'>pr.</span> <span class='ocrx_word' id='word_1_283' title='bbox 916 3722 1023 3794; x_wconf 89' lang='lat' dir='ltr'>Midae]</span> <span class='ocrx_word' id='word_1_284' title='bbox 1045 3723 1137 3777; x_wconf 88' lang='lat' dir='ltr'>medie</span> <span class='ocrx_word' id='word_1_285' title='bbox 1156 3728 1177 3776; x_wconf 81' lang='lat' dir='ltr'>B</span> <span class='ocrx_word' id='word_1_286' title='bbox 1196 3742 1230 3778; x_wconf 82' lang='lat' dir='ltr'>m.</span> <span class='ocrx_word' id='word_1_287' title='bbox 1241 3742 1287 3795; x_wconf 78' lang='lat' dir='ltr'>pr.</span> 
     </span>
     <span class='ocr_line' id='line_1_37' title="bbox 322 3792 1309 3866; baseline 0.002 -19"><span class='ocrx_word' id='word_1_288' title='bbox 322 3792 458 3847; x_wconf 81' lang='lat' dir='ltr'>Gordium</span> <span class='ocrx_word' id='word_1_289' title='bbox 467 3794 574 3848; x_wconf 80' lang='lat' dir='ltr'>Lauer:</span> <span class='ocrx_word' id='word_1_290' title='bbox 590 3794 716 3848; x_wconf 87' lang='lat' dir='ltr'>cordium</span> <span class='ocrx_word' id='word_1_291' title='bbox 730 3798 760 3847; x_wconf 88' lang='grc' dir='ltr'>Δ.</span> <span class='ocrx_word' id='word_1_292' title='bbox 817 3800 851 3848; x_wconf 77' lang='lat'>28</span> <span class='ocrx_word' id='word_1_293' title='bbox 867 3794 1031 3866; x_wconf 83' lang='lat' dir='ltr'>Sangarius]</span> <span class='ocrx_word' id='word_1_294' title='bbox 1046 3795 1204 3863; x_wconf 81' lang='lat' dir='ltr'>sagariusl’</span> <span class='ocrx_word' id='word_1_295' title='bbox 1217 3814 1252 3850; x_wconf 82' lang='lat' dir='ltr'>m.</span> <span class='ocrx_word' id='word_1_296' title='bbox 1263 3814 1309 3866; x_wconf 76' lang='lat' dir='ltr'>pr.</span> 
     </span>
     <span class='ocr_line' id='line_1_38' title="bbox 322 3864 565 3937; baseline 0 -18"><span class='ocrx_word' id='word_1_297' title='bbox 322 3865 424 3937; x_wconf 83' lang='lat' dir='ltr'>amnis]</span> <span class='ocrx_word' id='word_1_298' title='bbox 444 3864 565 3919; x_wconf 84' lang='lat' dir='ltr'>annisV</span> 
     </span>
    </p>
   </div>
   <div class='ocr_carea' id='block_1_4' title="bbox 0 0 1580 4459">
    <p class='ocr_par' dir='ltr' id='par_1_13' title="bbox 0 0 1580 4459">
     <span class='ocr_line' id='line_1_39' title="bbox 0 0 1580 4459; baseline 0 3"><span class='ocrx_word' id='word_1_299' title='bbox 0 0 1580 4459; x_wconf 95' lang='lat' dir='ltr'> </span> 
     </span>
    </p>
   </div>
  </div>
 </body>
</html>
