<?xml version="1.0" encoding="UTF-8"?>
<!DOCTYPE html PUBLIC "-//W3C//DTD XHTML 1.0 Transitional//EN"
    "http://www.w3.org/TR/xhtml1/DTD/xhtml1-transitional.dtd">
<html xmlns="http://www.w3.org/1999/xhtml" xml:lang="en" lang="en">
 <head>
  <title>
</title>
<meta http-equiv="Content-Type" content="text/html;charset=utf-8" />
  <meta name='ocr-system' content='tesseract 3.04.00' />
  <meta name='ocr-capabilities' content='ocr_page ocr_carea ocr_par ocr_line ocrx_word'/>
</head>
<body>
  <div class='ocr_page' id='page_1' title='image "./qcurtirufihisto01rufugoog_0324.png"; bbox 0 0 3150 4459; ppageno 0'>
   <div class='ocr_carea' id='block_1_1' title="bbox 313 428 961 493">
    <p class='ocr_par' dir='ltr' id='par_1_1' title="bbox 313 428 961 493">
     <span class='ocr_line' id='line_1_1' title="bbox 313 428 961 493; baseline 0 -11"><span class='ocrx_word' id='word_1_1' title='bbox 313 428 378 493; x_wconf 85' lang='lat'>306</span> <span class='ocrx_word' id='word_1_2' title='bbox 693 428 724 493; x_wconf 86' lang='lat' dir='ltr'>Q.</span> <span class='ocrx_word' id='word_1_3' title='bbox 745 428 855 483; x_wconf 83' lang='lat' dir='ltr'>OURTI</span> <span class='ocrx_word' id='word_1_4' title='bbox 874 428 961 483; x_wconf 81' lang='lat' dir='ltr'>RUFI</span> 
     </span>
    </p>
   </div>
   <div class='ocr_carea' id='block_1_2' title="bbox 259 549 1390 1211">
    <p class='ocr_par' dir='ltr' id='par_1_2' title="bbox 260 549 1355 946">
     <span class='ocr_line' id='line_1_2' title="bbox 260 549 1355 684; baseline 0.001 -27"><span class='ocrx_word' id='word_1_5' title='bbox 260 608 293 657; x_wconf 78' lang='grc'>48</span> <span class='ocrx_word' id='word_1_6' title='bbox 312 592 518 677; x_wconf 75' lang='lat' dir='ltr'>peditemque</span> <span class='ocrx_word' id='word_1_7' title='bbox 542 594 689 675; x_wconf 79' lang='lat' dir='ltr'><strong>sequenti</strong></span> <span class='ocrx_word' id='word_1_8' title='bbox 707 593 795 657; x_wconf 90' lang='lat' dir='ltr'>hosti</span> <span class='ocrx_word' id='word_1_9' title='bbox 815 591 941 657; x_wconf 91' lang='lat' dir='ltr'>obiecit.</span> <span class='ocrx_word' id='word_1_10' title='bbox 957 549 1048 684; x_wconf 75' lang='lat' dir='ltr'>(Iam</span> <span class='ocrx_word' id='word_1_11' title='bbox 1063 592 1261 658; x_wconf 81' lang='lat' dir='ltr'>Alexander</span> <span class='ocrx_word' id='word_1_12' title='bbox 1282 616 1355 659; x_wconf 91' lang='lat' dir='ltr'>con-</span> 
     </span>
     <span class='ocr_line' id='line_1_3' title="bbox 313 681 1354 768; baseline 0 -22"><span class='ocrx_word' id='word_1_13' title='bbox 313 685 442 747; x_wconf 88' lang='lat' dir='ltr'>secutus</span> <span class='ocrx_word' id='word_1_14' title='bbox 466 686 535 745; x_wconf 88' lang='lat' dir='ltr'>erat</span> <span class='ocrx_word' id='word_1_15' title='bbox 554 686 586 745; x_wconf 89' lang='lat' dir='ltr'>et</span> <span class='ocrx_word' id='word_1_16' title='bbox 604 683 781 765; x_wconf 77' lang='lat' dir='ltr'>pertinacia</span> <span class='ocrx_word' id='word_1_17' title='bbox 795 681 872 745; x_wconf 89' lang='lat' dir='ltr'>Pori</span> <span class='ocrx_word' id='word_1_18' title='bbox 891 683 1023 768; x_wconf 79' lang='lat' dir='ltr'>cognita</span> <span class='ocrx_word' id='word_1_19' title='bbox 1041 682 1174 747; x_wconf 86' lang='lat' dir='ltr'>vetabat</span> <span class='ocrx_word' id='word_1_20' title='bbox 1195 685 1354 748; x_wconf 87' lang='lat' dir='ltr'>resisten-</span> 
     </span>
     <span class='ocr_line' id='line_1_4' title="bbox 312 770 1353 857; baseline 0.002 -22"><span class='ocrx_word' id='word_1_21' title='bbox 312 770 401 835; x_wconf 80' lang='lat' dir='ltr'>tibus</span> <span class='ocrx_word' id='word_1_22' title='bbox 425 772 522 854; x_wconf 90' lang='lat' dir='ltr'>parci.</span> <span class='ocrx_word' id='word_1_23' title='bbox 568 770 656 854; x_wconf 84' lang='lat' dir='ltr'>Ergo</span> <span class='ocrx_word' id='word_1_24' title='bbox 681 771 823 854; x_wconf 90' lang='lat' dir='ltr'>undique</span> <span class='ocrx_word' id='word_1_25' title='bbox 853 775 885 835; x_wconf 92' lang='lat' dir='ltr'>et</span> <span class='ocrx_word' id='word_1_26' title='bbox 913 773 947 834; x_wconf 93' lang='lat' dir='ltr'>in</span> <span class='ocrx_word' id='word_1_27' title='bbox 970 772 1093 855; x_wconf 87' lang='lat' dir='ltr'>pedites</span> <span class='ocrx_word' id='word_1_28' title='bbox 1118 776 1150 835; x_wconf 92' lang='lat' dir='ltr'>et</span> <span class='ocrx_word' id='word_1_29' title='bbox 1176 773 1211 836; x_wconf 94' lang='lat' dir='ltr'>in</span> <span class='ocrx_word' id='word_1_30' title='bbox 1239 773 1353 857; x_wconf 90' lang='lat' dir='ltr'>ipsum</span> 
     </span>
     <span class='ocr_line' id='line_1_5' title="bbox 312 859 1353 946; baseline 0.002 -22"><span class='ocrx_word' id='word_1_31' title='bbox 312 859 433 924; x_wconf 91' lang='lat' dir='ltr'>Porum</span> <span class='ocrx_word' id='word_1_32' title='bbox 457 861 522 923; x_wconf 90' lang='lat' dir='ltr'>tela</span> <span class='ocrx_word' id='word_1_33' title='bbox 549 864 703 946; x_wconf 80' lang='lat' dir='ltr'>congesta</span> <span class='ocrx_word' id='word_1_34' title='bbox 727 864 815 945; x_wconf 91' lang='lat' dir='ltr'>sunt,</span> <span class='ocrx_word' id='word_1_35' title='bbox 849 860 921 944; x_wconf 89' lang='lat' dir='ltr'>quis</span> <span class='ocrx_word' id='word_1_36' title='bbox 944 860 1073 924; x_wconf 82' lang='lat' dir='ltr'>tandem</span> <span class='ocrx_word' id='word_1_37' title='bbox 1098 866 1258 946; x_wconf 82' lang='lat' dir='ltr'>gravatus</span> <span class='ocrx_word' id='word_1_38' title='bbox 1284 862 1353 926; x_wconf 88' lang='lat' dir='ltr'>labi</span> 
     </span>
    </p>

    <p class='ocr_par' dir='ltr' id='par_1_3' title="bbox 259 948 1390 1211">
     <span class='ocr_line' id='line_1_6' title="bbox 259 948 1390 1036; baseline 0.002 -23"><span class='ocrx_word' id='word_1_39' title='bbox 259 966 292 1014; x_wconf 82' lang='lat'>39</span> <span class='ocrx_word' id='word_1_40' title='bbox 312 972 352 1014; x_wconf 88' lang='lat' dir='ltr'>ex</span> <span class='ocrx_word' id='word_1_41' title='bbox 375 949 471 1013; x_wconf 90' lang='lat' dir='ltr'>belua</span> <span class='ocrx_word' id='word_1_42' title='bbox 495 950 610 1032; x_wconf 89' lang='lat' dir='ltr'>coepit.</span> <span class='ocrx_word' id='word_1_43' title='bbox 657 948 765 1034; x_wconf 89' lang='lat' dir='ltr'>Indus,</span> <span class='ocrx_word' id='word_1_44' title='bbox 794 951 851 1033; x_wconf 91' lang='lat' dir='ltr'>qui</span> <span class='ocrx_word' id='word_1_45' title='bbox 880 949 1086 1032; x_wconf 71' lang='lat' dir='ltr'>elephantum</span> <span class='ocrx_word' id='word_1_46' title='bbox 1114 950 1269 1036; x_wconf 86' lang='lat' dir='ltr'>regebat,</span> <span class='ocrx_word' id='word_1_47' title='bbox 1300 952 1353 1015; x_wconf 93' lang='lat' dir='ltr'>de·</span> <span class='ocrx_word' id='word_1_48' title='bbox 1380 979 1390 1015; x_wconf 79' lang='lat' dir='ltr'>s</span> 
     </span>
     <span class='ocr_line' id='line_1_7' title="bbox 314 1038 1353 1123; baseline 0.002 -20"><span class='ocrx_word' id='word_1_49' title='bbox 314 1038 465 1103; x_wconf 85' lang='lat' dir='ltr'>scendere</span> <span class='ocrx_word' id='word_1_50' title='bbox 480 1061 553 1102; x_wconf 89' lang='lat' dir='ltr'>eum</span> <span class='ocrx_word' id='word_1_51' title='bbox 568 1043 657 1103; x_wconf 90' lang='lat' dir='ltr'>ratus</span> <span class='ocrx_word' id='word_1_52' title='bbox 676 1038 882 1103; x_wconf 82' lang='lat' dir='ltr'>more&#39;solito</span> <span class='ocrx_word' id='word_1_53' title='bbox 902 1039 1109 1122; x_wconf 86' lang='lat' dir='ltr'>elephantum</span> <span class='ocrx_word' id='word_1_54' title='bbox 1128 1040 1353 1123; x_wconf 87' lang='lat' dir='ltr'>procumbere</span> 
     </span>
     <span class='ocr_line' id='line_1_8' title="bbox 313 1128 1350 1211; baseline 0.003 -20"><span class='ocrx_word' id='word_1_55' title='bbox 313 1129 408 1192; x_wconf 92' lang='lat' dir='ltr'>iussit</span> <span class='ocrx_word' id='word_1_56' title='bbox 431 1128 464 1191; x_wconf 90' lang='lat' dir='ltr'>in</span> <span class='ocrx_word' id='word_1_57' title='bbox 489 1148 606 1211; x_wconf 84' lang='lat' dir='ltr'>genua:</span> <span class='ocrx_word' id='word_1_58' title='bbox 638 1129 695 1211; x_wconf 92' lang='lat' dir='ltr'>qui</span> <span class='ocrx_word' id='word_1_59' title='bbox 717 1132 754 1191; x_wconf 89' lang='lat' dir='ltr'>ut</span> <span class='ocrx_word' id='word_1_60' title='bbox 779 1150 813 1192; x_wconf 89' lang='lat' dir='ltr'>se</span> <span class='ocrx_word' id='word_1_61' title='bbox 836 1128 999 1211; x_wconf 80' lang='lat' dir='ltr'>submisit,</span> <span class='ocrx_word' id='word_1_62' title='bbox 1023 1129 1120 1192; x_wconf 88' lang='lat' dir='ltr'>ceteri</span> <span class='ocrx_word' id='word_1_63' title='bbox 1143 1149 1281 1211; x_wconf 89' lang='lat' dir='ltr'>quoque</span> <span class='ocrx_word' id='word_1_64' title='bbox 1309 1168 1350 1176; x_wconf 92' lang='lat'>—</span> 
     </span>
    </p>
   </div>
   <div class='ocr_carea' id='block_1_3' title="bbox 215 1284 1395 3174">
    <p class='ocr_par' dir='ltr' id='par_1_4' title="bbox 258 1284 1395 1836">
     <span class='ocr_line' id='line_1_9' title="bbox 258 1284 1395 1394; baseline -0.002 -24"><span class='ocrx_word' id='word_1_65' title='bbox 258 1305 362 1371; x_wconf 75' lang='lat' dir='ltr'>rolla</span> <span class='ocrx_word' id='word_1_66' title='bbox 388 1328 439 1370; x_wconf 90' lang='lat' dir='ltr'>res</span> <span class='ocrx_word' id='word_1_67' title='bbox 467 1310 500 1369; x_wconf 90' lang='lat' dir='ltr'>et</span> <span class='ocrx_word' id='word_1_68' title='bbox 522 1305 642 1370; x_wconf 92' lang='lat' dir='ltr'>Porum</span> <span class='ocrx_word' id='word_1_69' title='bbox 673 1309 706 1369; x_wconf 91' lang='lat' dir='ltr'>et</span> <span class='ocrx_word' id='word_1_70' title='bbox 729 1310 852 1370; x_wconf 88' lang='lat' dir='ltr'>ceteros</span> <span class='ocrx_word' id='word_1_71' title='bbox 880 1306 1059 1372; x_wconf 82' lang='lat' dir='ltr'>victoribus</span> <span class='ocrx_word' id='word_1_72' title='bbox 1083 1284 1245 1394; x_wconf 56' lang='lat' dir='ltr'>tradidit)</span> <span class='ocrx_word' id='word_1_73' title='bbox 1279 1308 1352 1372; x_wconf 86' lang='lat' dir='ltr'>Rex</span> <span class='ocrx_word' id='word_1_74' title='bbox 1367 1315 1395 1369; x_wconf 74' lang='lat' dir='ltr'>tl</span> 
     </span>
     <span class='ocr_line' id='line_1_10' title="bbox 315 1394 1392 1481; baseline 0.005 -22"><span class='ocrx_word' id='word_1_75' title='bbox 315 1395 448 1479; x_wconf 86' lang='lat' dir='ltr'>spoliari</span> <span class='ocrx_word' id='word_1_76' title='bbox 472 1416 589 1478; x_wconf 88' lang='lat' dir='ltr'>corpus</span> <span class='ocrx_word' id='word_1_77' title='bbox 611 1394 701 1478; x_wconf 88' lang='lat' dir='ltr'>Pori,</span> <span class='ocrx_word' id='word_1_78' title='bbox 725 1395 954 1478; x_wconf 88' lang='lat' dir='ltr'>interemptum</span> <span class='ocrx_word' id='word_1_79' title='bbox 979 1417 1048 1460; x_wconf 90' lang='lat' dir='ltr'>esse</span> <span class='ocrx_word' id='word_1_80' title='bbox 1072 1396 1218 1478; x_wconf 89' lang='lat' dir='ltr'>credens,</span> <span class='ocrx_word' id='word_1_81' title='bbox 1245 1396 1352 1481; x_wconf 91' lang='lat' dir='ltr'>iubet,</span> <span class='ocrx_word' id='word_1_82' title='bbox 1367 1426 1392 1464; x_wconf 71' lang='lat' dir='ltr'>ro</span> 
     </span>
     <span class='ocr_line' id='line_1_11' title="bbox 313 1483 1351 1567; baseline 0.004 -20"><span class='ocrx_word' id='word_1_83' title='bbox 313 1487 353 1565; x_wconf 89' lang='lat' dir='ltr'>et,</span> <span class='ocrx_word' id='word_1_84' title='bbox 378 1484 434 1566; x_wconf 92' lang='lat' dir='ltr'>qui</span> <span class='ocrx_word' id='word_1_85' title='bbox 453 1483 658 1548; x_wconf 81' lang='lat' dir='ltr'>detraherent</span> <span class='ocrx_word' id='word_1_86' title='bbox 676 1483 809 1548; x_wconf 86' lang='lat' dir='ltr'>loricam</span> <span class='ocrx_word' id='word_1_87' title='bbox 829 1488 1025 1567; x_wconf 84' lang='lat' dir='ltr'>vestemque,</span> <span class='ocrx_word' id='word_1_88' title='bbox 1049 1506 1251 1567; x_wconf 88' lang='lat' dir='ltr'>concurrere,</span> <span class='ocrx_word' id='word_1_89' title='bbox 1272 1508 1351 1551; x_wconf 90' lang='lat' dir='ltr'>cum</span> 
     </span>
     <span class='ocr_line' id='line_1_12' title="bbox 312 1569 1351 1657; baseline 0.004 -21"><span class='ocrx_word' id='word_1_90' title='bbox 312 1572 407 1637; x_wconf 84' lang='lat' dir='ltr'>belua</span> <span class='ocrx_word' id='word_1_91' title='bbox 438 1573 605 1637; x_wconf 89' lang='lat' dir='ltr'>dominum</span> <span class='ocrx_word' id='word_1_92' title='bbox 628 1573 710 1636; x_wconf 89' lang='lat' dir='ltr'>tueri</span> <span class='ocrx_word' id='word_1_93' title='bbox 736 1578 767 1637; x_wconf 90' lang='lat' dir='ltr'>et</span> <span class='ocrx_word' id='word_1_94' title='bbox 792 1572 968 1656; x_wconf 88' lang='lat' dir='ltr'>spoliantes</span> <span class='ocrx_word' id='word_1_95' title='bbox 992 1575 1100 1657; x_wconf 90' lang='lat' dir='ltr'>coepit</span> <span class='ocrx_word' id='word_1_96' title='bbox 1123 1569 1281 1657; x_wconf 85' lang='lat' dir='ltr'>adpetere</span> <span class='ocrx_word' id='word_1_97' title='bbox 1302 1577 1351 1639; x_wconf 90' lang='lat' dir='ltr'>le-</span> 
     </span>
     <span class='ocr_line' id='line_1_13' title="bbox 312 1662 1351 1750; baseline 0.005 -26"><span class='ocrx_word' id='word_1_98' title='bbox 312 1665 488 1745; x_wconf 86' lang='lat' dir='ltr'>vatumque</span> <span class='ocrx_word' id='word_1_99' title='bbox 508 1683 625 1745; x_wconf 89' lang='lat' dir='ltr'>corpus</span> <span class='ocrx_word' id='word_1_100' title='bbox 644 1663 713 1725; x_wconf 89' lang='lat' dir='ltr'>eius</span> <span class='ocrx_word' id='word_1_101' title='bbox 732 1684 843 1727; x_wconf 86' lang='lat' dir='ltr'>rursus</span> <span class='ocrx_word' id='word_1_102' title='bbox 863 1662 958 1727; x_wconf 90' lang='lat' dir='ltr'>dorso</span> <span class='ocrx_word' id='word_1_103' title='bbox 979 1685 1037 1727; x_wconf 93' lang='lat' dir='ltr'>suo</span> <span class='ocrx_word' id='word_1_104' title='bbox 1057 1664 1220 1747; x_wconf 85' lang='lat' dir='ltr'>inponere.</span> <span class='ocrx_word' id='word_1_105' title='bbox 1252 1662 1351 1750; x_wconf 82' lang='lat' dir='ltr'>Ergo</span> 
     </span>
     <span class='ocr_line' id='line_1_14' title="bbox 311 1751 1352 1836; baseline 0.005 -22"><span class='ocrx_word' id='word_1_106' title='bbox 311 1752 386 1815; x_wconf 87' lang='lat' dir='ltr'>telis</span> <span class='ocrx_word' id='word_1_107' title='bbox 419 1751 562 1834; x_wconf 88' lang='lat' dir='ltr'>undique</span> <span class='ocrx_word' id='word_1_108' title='bbox 593 1751 754 1836; x_wconf 83' lang='lat' dir='ltr'>obruitur,</span> <span class='ocrx_word' id='word_1_109' title='bbox 787 1753 1002 1835; x_wconf 89' lang='lat' dir='ltr'>confossoque</span> <span class='ocrx_word' id='word_1_110' title='bbox 1031 1773 1068 1815; x_wconf 88' lang='lat' dir='ltr'>eo</span> <span class='ocrx_word' id='word_1_111' title='bbox 1097 1754 1130 1815; x_wconf 93' lang='lat' dir='ltr'>in</span> <span class='ocrx_word' id='word_1_112' title='bbox 1155 1752 1352 1819; x_wconf 91' lang='lat' dir='ltr'>vehiculum</span> 
     </span>
    </p>

    <p class='ocr_par' dir='ltr' id='par_1_5' title="bbox 215 1839 1392 2281">
     <span class='ocr_line' id='line_1_15' title="bbox 215 1839 1392 1923; baseline 0.003 -19"><span class='ocrx_word' id='word_1_113' title='bbox 215 1901 217 1904; x_wconf 83' lang='grc'>.</span> <span class='ocrx_word' id='word_1_114' title='bbox 258 1857 291 1906; x_wconf 86' lang='grc'>41</span> <span class='ocrx_word' id='word_1_115' title='bbox 312 1839 416 1904; x_wconf 93' lang='lat' dir='ltr'>Porus</span> <span class='ocrx_word' id='word_1_116' title='bbox 439 1839 616 1923; x_wconf 87' lang='lat' dir='ltr'>inponitur.</span> <span class='ocrx_word' id='word_1_117' title='bbox 664 1840 766 1916; x_wconf 82' lang='lat' dir='ltr'>Quem</span> <span class='ocrx_word' id='word_1_118' title='bbox 794 1864 851 1905; x_wconf 89' lang='lat' dir='ltr'>rex</span> <span class='ocrx_word' id='word_1_119' title='bbox 874 1845 911 1905; x_wconf 89' lang='lat' dir='ltr'>ut</span> <span class='ocrx_word' id='word_1_120' title='bbox 933 1841 1016 1904; x_wconf 85' lang='lat' dir='ltr'>vidit</span> <span class='ocrx_word' id='word_1_121' title='bbox 1038 1841 1242 1905; x_wconf 85' lang='lat' dir='ltr'>adlevantem</span> <span class='ocrx_word' id='word_1_122' title='bbox 1271 1864 1392 1912; x_wconf 74' lang='lat' dir='ltr'>ocu-15</span> 
     </span>
     <span class='ocr_line' id='line_1_16' title="bbox 312 1928 1352 2013; baseline 0.004 -21"><span class='ocrx_word' id='word_1_123' title='bbox 312 1929 375 2012; x_wconf 94' lang='lat' dir='ltr'>los,</span> <span class='ocrx_word' id='word_1_124' title='bbox 399 1951 466 1993; x_wconf 91' lang='lat' dir='ltr'>non</span> <span class='ocrx_word' id='word_1_125' title='bbox 489 1930 579 2011; x_wconf 88' lang='lat' dir='ltr'>odic,</span> <span class='ocrx_word' id='word_1_126' title='bbox 602 1929 657 1994; x_wconf 92' lang='lat' dir='ltr'>sed</span> <span class='ocrx_word' id='word_1_127' title='bbox 680 1930 887 1994; x_wconf 88' lang='lat' dir='ltr'>miseratione</span> <span class='ocrx_word' id='word_1_128' title='bbox 911 1934 1105 1995; x_wconf 86' lang='lat' dir='ltr'>commotus:</span> <span class='ocrx_word' id='word_1_129' title='bbox 1137 1928 1255 2013; x_wconf 79' lang='lat' dir='ltr'>‘Quee,</span> <span class='ocrx_word' id='word_1_130' title='bbox 1280 1954 1352 1996; x_wconf 64' lang='lat' dir='ltr'>mar</span> 
     </span>
     <span class='ocr_line' id='line_1_17' title="bbox 312 2018 1352 2106; baseline 0.004 -25"><span class='ocrx_word' id='word_1_131' title='bbox 312 2018 403 2101; x_wconf 89' lang='lat' dir='ltr'>lum&#39;,</span> <span class='ocrx_word' id='word_1_132' title='bbox 427 2018 542 2102; x_wconf 90' lang='lat' dir='ltr'>inquit,</span> <span class='ocrx_word' id='word_1_133' title='bbox 567 2018 719 2083; x_wconf 80' lang='lat' dir='ltr'>‘amentia</span> <span class='ocrx_word' id='word_1_134' title='bbox 739 2024 772 2083; x_wconf 90' lang='lat' dir='ltr'>te</span> <span class='ocrx_word' id='word_1_135' title='bbox 792 2020 900 2105; x_wconf 83' lang='lat' dir='ltr'>coegit</span> <span class='ocrx_word' id='word_1_136' title='bbox 918 2041 1025 2084; x_wconf 90' lang='lat' dir='ltr'>rerum</span> <span class='ocrx_word' id='word_1_137' title='bbox 1045 2042 1187 2083; x_wconf 85' lang='lat' dir='ltr'>mearum</span> <span class='ocrx_word' id='word_1_138' title='bbox 1208 2022 1352 2106; x_wconf 81' lang='lat' dir='ltr'>cognita</span> 
     </span>
     <span class='ocr_line' id='line_1_18' title="bbox 311 2107 1352 2193; baseline 0.004 -22"><span class='ocrx_word' id='word_1_139' title='bbox 311 2107 398 2172; x_wconf 89' lang='lat' dir='ltr'>fama</span> <span class='ocrx_word' id='word_1_140' title='bbox 420 2108 499 2172; x_wconf 89' lang='lat' dir='ltr'>belli</span> <span class='ocrx_word' id='word_1_141' title='bbox 521 2107 686 2172; x_wconf 88' lang='lat' dir='ltr'>fortunam</span> <span class='ocrx_word' id='word_1_142' title='bbox 710 2109 859 2193; x_wconf 89' lang='lat' dir='ltr'>experiri,</span> <span class='ocrx_word' id='word_1_143' title='bbox 882 2128 956 2172; x_wconf 91' lang='lat' dir='ltr'>cum</span> <span class='ocrx_word' id='word_1_144' title='bbox 976 2108 1099 2173; x_wconf 83' lang='lat' dir='ltr'>Taxilis</span> <span class='ocrx_word' id='word_1_145' title='bbox 1122 2113 1207 2173; x_wconf 90' lang='lat' dir='ltr'>esset</span> <span class='ocrx_word' id='word_1_146' title='bbox 1230 2109 1269 2173; x_wconf 94' lang='lat' dir='ltr'>in</span> <span class='ocrx_word' id='word_1_147' title='bbox 1294 2112 1352 2175; x_wconf 73' lang='lat' dir='ltr'>de</span> 
     </span>
     <span class='ocr_line' id='line_1_19' title="bbox 313 2196 1349 2281; baseline 0.006 -22"><span class='ocrx_word' id='word_1_148' title='bbox 313 2197 398 2261; x_wconf 89' lang='lat' dir='ltr'>ditos</span> <span class='ocrx_word' id='word_1_149' title='bbox 413 2196 601 2261; x_wconf 85' lang='lat' dir='ltr'>clementiae</span> <span class='ocrx_word' id='word_1_150' title='bbox 619 2219 709 2262; x_wconf 81' lang='lat' dir='ltr'>meae</span> <span class='ocrx_word' id='word_1_151' title='bbox 723 2202 789 2261; x_wconf 88' lang='lat' dir='ltr'>tam</span> <span class='ocrx_word' id='word_1_152' title='bbox 806 2198 1027 2281; x_wconf 91' lang='lat' dir='ltr'>propinquum</span> <span class='ocrx_word' id='word_1_153' title='bbox 1042 2197 1104 2261; x_wconf 89' lang='lat' dir='ltr'>tibi</span> <span class='ocrx_word' id='word_1_154' title='bbox 1119 2197 1349 2280; x_wconf 63' lang='lat' dir='ltr'>exemplum?</span> 
     </span>
    </p>

    <p class='ocr_par' dir='ltr' id='par_1_6' title="bbox 258 2284 1393 2728">
     <span class='ocr_line' id='line_1_20' title="bbox 258 2284 1393 2372; baseline 0.005 -20"><span class='ocrx_word' id='word_1_155' title='bbox 258 2304 293 2352; x_wconf 83' lang='grc'>44</span> <span class='ocrx_word' id='word_1_156' title='bbox 311 2285 357 2349; x_wconf 88' lang='lat' dir='ltr'>At</span> <span class='ocrx_word' id='word_1_157' title='bbox 381 2287 448 2350; x_wconf 88' lang='lat' dir='ltr'>ille:</span> <span class='ocrx_word' id='word_1_158' title='bbox 474 2284 668 2368; x_wconf 79' lang='lat' dir='ltr'>‘Quoniam&#39;,</span> <span class='ocrx_word' id='word_1_159' title='bbox 691 2288 807 2371; x_wconf 90' lang='lat' dir='ltr'>inquit,</span> <span class='ocrx_word' id='word_1_160' title='bbox 831 2287 1053 2372; x_wconf 71' lang='lat' dir='ltr'>percontaris,</span> <span class='ocrx_word' id='word_1_161' title='bbox 1077 2286 1284 2370; x_wconf 90' lang='lat' dir='ltr'>respondebo</span> <span class='ocrx_word' id='word_1_162' title='bbox 1311 2312 1353 2354; x_wconf 86' lang='lat' dir='ltr'>ea</span> <span class='ocrx_word' id='word_1_163' title='bbox 1367 2320 1393 2358; x_wconf 80' lang='lat' dir='ltr'>ro</span> 
     </span>
     <span class='ocr_line' id='line_1_21' title="bbox 312 2375 1351 2460; baseline 0.004 -21"><span class='ocrx_word' id='word_1_164' title='bbox 312 2375 472 2458; x_wconf 83' lang='lat' dir='ltr'>libertate,</span> <span class='ocrx_word' id='word_1_165' title='bbox 496 2397 592 2458; x_wconf 89' lang='lat' dir='ltr'>quam</span> <span class='ocrx_word' id='word_1_166' title='bbox 617 2376 846 2460; x_wconf 83' lang='lat' dir='ltr'>interrogando</span> <span class='ocrx_word' id='word_1_167' title='bbox 869 2376 988 2440; x_wconf 88' lang='lat' dir='ltr'>fecisti:</span> <span class='ocrx_word' id='word_1_168' title='bbox 1015 2378 1176 2440; x_wconf 90' lang='lat' dir='ltr'>neminem</span> <span class='ocrx_word' id='word_1_169' title='bbox 1201 2398 1256 2439; x_wconf 90' lang='lat' dir='ltr'>me</span> <span class='ocrx_word' id='word_1_170' title='bbox 1282 2378 1351 2443; x_wconf 91' lang='lat' dir='ltr'>for-</span> 
     </span>
     <span class='ocr_line' id='line_1_22' title="bbox 312 2464 1351 2547; baseline 0.004 -20"><span class='ocrx_word' id='word_1_171' title='bbox 312 2465 430 2529; x_wconf 91' lang='lat' dir='ltr'>tiorem</span> <span class='ocrx_word' id='word_1_172' title='bbox 453 2486 522 2528; x_wconf 89' lang='lat' dir='ltr'>esse</span> <span class='ocrx_word' id='word_1_173' title='bbox 544 2464 721 2528; x_wconf 87' lang='lat' dir='ltr'>censebam.</span> <span class='ocrx_word' id='word_1_174' title='bbox 758 2464 847 2530; x_wconf 89' lang='lat' dir='ltr'>Meas</span> <span class='ocrx_word' id='word_1_175' title='bbox 868 2467 953 2529; x_wconf 88' lang='lat' dir='ltr'>enim</span> <span class='ocrx_word' id='word_1_176' title='bbox 972 2487 1125 2529; x_wconf 84' lang='lat' dir='ltr'>noveram</span> <span class='ocrx_word' id='word_1_177' title='bbox 1144 2466 1238 2547; x_wconf 86' lang='lat' dir='ltr'>vires,</span> <span class='ocrx_word' id='word_1_178' title='bbox 1265 2490 1351 2531; x_wconf 91' lang='lat' dir='ltr'>non-</span> 
     </span>
     <span class='ocr_line' id='line_1_23' title="bbox 314 2554 1352 2637; baseline 0.004 -20"><span class='ocrx_word' id='word_1_179' title='bbox 314 2554 391 2617; x_wconf 92' lang='lat' dir='ltr'>dum</span> <span class='ocrx_word' id='word_1_180' title='bbox 415 2558 566 2637; x_wconf 88' lang='lat' dir='ltr'>expertus</span> <span class='ocrx_word' id='word_1_181' title='bbox 585 2557 671 2617; x_wconf 89' lang='lat' dir='ltr'>tuas:</span> <span class='ocrx_word' id='word_1_182' title='bbox 694 2554 863 2618; x_wconf 86' lang='lat' dir='ltr'>fortiorem</span> <span class='ocrx_word' id='word_1_183' title='bbox 883 2576 951 2618; x_wconf 88' lang='lat' dir='ltr'>esse</span> <span class='ocrx_word' id='word_1_184' title='bbox 970 2558 1003 2616; x_wconf 92' lang='lat' dir='ltr'>te</span> <span class='ocrx_word' id='word_1_185' title='bbox 1021 2554 1099 2619; x_wconf 91' lang='lat' dir='ltr'>belli</span> <span class='ocrx_word' id='word_1_186' title='bbox 1119 2554 1229 2618; x_wconf 89' lang='lat' dir='ltr'>docuit</span> <span class='ocrx_word' id='word_1_187' title='bbox 1249 2578 1352 2621; x_wconf 89' lang='lat' dir='ltr'>even-</span> 
     </span>
     <span class='ocr_line' id='line_1_24' title="bbox 312 2642 1351 2728; baseline 0.005 -22"><span class='ocrx_word' id='word_1_188' title='bbox 312 2647 374 2707; x_wconf 90' lang='lat' dir='ltr'>tus.</span> <span class='ocrx_word' id='word_1_189' title='bbox 422 2642 485 2706; x_wconf 88' lang='lat' dir='ltr'>Sed</span> <span class='ocrx_word' id='word_1_190' title='bbox 516 2643 628 2706; x_wconf 87' lang='lat' dir='ltr'>nesio</span> <span class='ocrx_word' id='word_1_191' title='bbox 659 2643 786 2725; x_wconf 88' lang='lat' dir='ltr'>quidem</span> <span class='ocrx_word' id='word_1_192' title='bbox 817 2666 931 2728; x_wconf 79' lang='lat' dir='ltr'>parum</span> <span class='ocrx_word' id='word_1_193' title='bbox 960 2642 1039 2707; x_wconf 85' lang='lat' dir='ltr'>felix</span> <span class='ocrx_word' id='word_1_194' title='bbox 1063 2666 1148 2726; x_wconf 90' lang='lat' dir='ltr'>sum,</span> <span class='ocrx_word' id='word_1_195' title='bbox 1181 2646 1351 2711; x_wconf 90' lang='lat' dir='ltr'>secundus</span> 
     </span>
    </p>

    <p class='ocr_par' dir='ltr' id='par_1_7' title="bbox 259 2731 1392 2907">
     <span class='ocr_line' id='line_1_25' title="bbox 259 2731 1392 2817; baseline 0.004 -19"><span class='ocrx_word' id='word_1_196' title='bbox 259 2748 293 2798; x_wconf 76' lang='lat'>43</span> <span class='ocrx_word' id='word_1_197' title='bbox 313 2732 393 2795; x_wconf 82' lang='lat' dir='ltr'>tibi&#39;</span> <span class='ocrx_word' id='word_1_198' title='bbox 432 2732 557 2795; x_wconf 85' lang='lat' dir='ltr'>Rursus</span> <span class='ocrx_word' id='word_1_199' title='bbox 581 2731 809 2817; x_wconf 83' lang='lat' dir='ltr'>interrogatus,</span> <span class='ocrx_word' id='word_1_200' title='bbox 834 2733 912 2815; x_wconf 91' lang='lat' dir='ltr'>quid</span> <span class='ocrx_word' id='word_1_201' title='bbox 933 2731 1002 2815; x_wconf 86' lang='lat' dir='ltr'>ipse</span> <span class='ocrx_word' id='word_1_202' title='bbox 1022 2734 1178 2796; x_wconf 86' lang='lat' dir='ltr'>victorem</span> <span class='ocrx_word' id='word_1_203' title='bbox 1198 2736 1351 2800; x_wconf 86' lang='lat' dir='ltr'>statuere</span> <span class='ocrx_word' id='word_1_204' title='bbox 1366 2766 1392 2805; x_wconf 80' lang='lat' dir='ltr'>rs</span> 
     </span>
     <span class='ocr_line' id='line_1_26' title="bbox 313 2819 1350 2907; baseline 0.004 -23"><span class='ocrx_word' id='word_1_205' title='bbox 313 2821 428 2885; x_wconf 87' lang='lat' dir='ltr'>debere</span> <span class='ocrx_word' id='word_1_206' title='bbox 452 2825 607 2885; x_wconf 88' lang='lat' dir='ltr'>censeret:</span> <span class='ocrx_word' id='word_1_207' title='bbox 633 2819 738 2896; x_wconf 84' lang='lat' dir='ltr'>‘Quod</span> <span class='ocrx_word' id='word_1_208' title='bbox 760 2821 842 2904; x_wconf 91' lang='lat' dir='ltr'>hic&#39;,</span> <span class='ocrx_word' id='word_1_209' title='bbox 874 2822 995 2906; x_wconf 89' lang='lat' dir='ltr'>inquit,</span> <span class='ocrx_word' id='word_1_210' title='bbox 1029 2822 1107 2886; x_wconf 82' lang='lat' dir='ltr'>‘dies</span> <span class='ocrx_word' id='word_1_211' title='bbox 1131 2820 1194 2884; x_wconf 89' lang='lat' dir='ltr'>tibi</span> <span class='ocrx_word' id='word_1_212' title='bbox 1218 2825 1350 2907; x_wconf 85' lang='lat' dir='ltr'>suadet,</span> 
     </span>
    </p>

    <p class='ocr_par' dir='ltr' id='par_1_8' title="bbox 259 2910 1350 3174">
     <span class='ocr_line' id='line_1_27' title="bbox 259 2910 1350 2994; baseline 0.002 -19"><span class='ocrx_word' id='word_1_213' title='bbox 259 2928 294 2975; x_wconf 91' lang='lat'>44</span> <span class='ocrx_word' id='word_1_214' title='bbox 315 2932 379 2994; x_wconf 89' lang='lat' dir='ltr'>quo</span> <span class='ocrx_word' id='word_1_215' title='bbox 413 2913 564 2993; x_wconf 90' lang='lat' dir='ltr'>expertus</span> <span class='ocrx_word' id='word_1_216' title='bbox 598 2931 644 2991; x_wconf 90' lang='lat' dir='ltr'>es,</span> <span class='ocrx_word' id='word_1_217' title='bbox 678 2933 775 2994; x_wconf 87' lang='lat' dir='ltr'>quam</span> <span class='ocrx_word' id='word_1_218' title='bbox 804 2911 924 2976; x_wconf 88' lang='lat' dir='ltr'>caduca</span> <span class='ocrx_word' id='word_1_219' title='bbox 948 2910 1086 2974; x_wconf 77' lang='lat' dir='ltr'>felicitas</span> <span class='ocrx_word' id='word_1_220' title='bbox 1111 2910 1215 2974; x_wconf 87' lang='lat' dir='ltr'>esset&#39;</span> <span class='ocrx_word' id='word_1_221' title='bbox 1264 2910 1350 2977; x_wconf 91' lang='lat' dir='ltr'>Plus</span> 
     </span>
     <span class='ocr_line' id='line_1_28' title="bbox 313 2999 1349 3087; baseline 0.006 -26"><span class='ocrx_word' id='word_1_222' title='bbox 313 3000 474 3062; x_wconf 90' lang='lat' dir='ltr'>monendo</span> <span class='ocrx_word' id='word_1_223' title='bbox 512 2999 664 3082; x_wconf 87' lang='lat' dir='ltr'>profecit,</span> <span class='ocrx_word' id='word_1_224' title='bbox 701 3022 798 3083; x_wconf 87' lang='lat' dir='ltr'>quam</span> <span class='ocrx_word' id='word_1_225' title='bbox 837 3000 864 3063; x_wconf 94' lang='lat' dir='ltr'>si</span> <span class='ocrx_word' id='word_1_226' title='bbox 901 3004 1049 3082; x_wconf 80' lang='lat' dir='ltr'>precatus</span> <span class='ocrx_word' id='word_1_227' title='bbox 1087 3002 1182 3064; x_wconf 89' lang='lat' dir='ltr'>esset:</span> <span class='ocrx_word' id='word_1_228' title='bbox 1220 3001 1349 3087; x_wconf 90' lang='lat' dir='ltr'>quippe</span> 
     </span>
     <span class='ocr_line' id='line_1_29' title="bbox 314 3089 1349 3174; baseline 0.004 -22"><span class='ocrx_word' id='word_1_229' title='bbox 314 3089 570 3172; x_wconf 82' lang='lat' dir='ltr'>magnitudinem</span> <span class='ocrx_word' id='word_1_230' title='bbox 595 3089 695 3152; x_wconf 84' lang='lat' dir='ltr'>animi</span> <span class='ocrx_word' id='word_1_231' title='bbox 718 3090 786 3154; x_wconf 89' lang='lat' dir='ltr'>eius</span> <span class='ocrx_word' id='word_1_232' title='bbox 808 3090 986 3154; x_wconf 85' lang='lat' dir='ltr'>interritam</span> <span class='ocrx_word' id='word_1_233' title='bbox 1006 3110 1043 3152; x_wconf 86' lang='lat' dir='ltr'>ec</span> <span class='ocrx_word' id='word_1_234' title='bbox 1061 3112 1101 3153; x_wconf 89' lang='lat' dir='ltr'>ne</span> <span class='ocrx_word' id='word_1_235' title='bbox 1118 3089 1253 3152; x_wconf 86' lang='lat' dir='ltr'>fortuna</span> <span class='ocrx_word' id='word_1_236' title='bbox 1274 3094 1349 3174; x_wconf 93' lang='lat' dir='ltr'>qui-</span> 
     </span>
    </p>
   </div>
   <div class='ocr_carea' id='block_1_4' title="bbox 313 3246 1347 3885">
    <p class='ocr_par' dir='ltr' id='par_1_9' title="bbox 313 3246 1347 3885">
     <span class='ocr_line' id='line_1_30' title="bbox 387 3246 1345 3317; baseline 0.002 -18"><span class='ocrx_word' id='word_1_237' title='bbox 387 3251 402 3299; x_wconf 98' lang='grc'>4</span> <span class='ocrx_word' id='word_1_238' title='bbox 422 3246 463 3316; x_wconf 89' lang='lat' dir='ltr'>et]</span> <span class='ocrx_word' id='word_1_239' title='bbox 483 3246 509 3300; x_wconf 90' lang='lat' dir='ltr'>ei</span> <span class='ocrx_word' id='word_1_240' title='bbox 528 3251 557 3300; x_wconf 79' lang='lat'>1³.</span> <span class='ocrx_word' id='word_1_241' title='bbox 611 3246 782 3317; x_wconf 86' lang='lat' dir='ltr'>pertinacia]</span> <span class='ocrx_word' id='word_1_242' title='bbox 796 3246 952 3315; x_wconf 84' lang='lat' dir='ltr'>pertinatia</span> <span class='ocrx_word' id='word_1_243' title='bbox 967 3253 992 3300; x_wconf 76' lang='lat'>⁰.</span> <span class='ocrx_word' id='word_1_244' title='bbox 1048 3251 1065 3298; x_wconf 89' lang='lat'>4</span> <span class='ocrx_word' id='word_1_245' title='bbox 1083 3247 1199 3300; x_wconf 82' lang='lat' dir='ltr'>tandem</span> <span class='ocrx_word' id='word_1_246' title='bbox 1217 3247 1345 3303; x_wconf 78' lang='lat' dir='ltr'>Giuntc:</span> 
     </span>
     <span class='ocr_line' id='line_1_31' title="bbox 313 3318 1347 3388; baseline 0.004 -19"><span class='ocrx_word' id='word_1_247' title='bbox 313 3319 425 3371; x_wconf 89' lang='lat' dir='ltr'>tautum</span> <span class='ocrx_word' id='word_1_248' title='bbox 440 3322 470 3369; x_wconf 78' lang='lat' dir='ltr'>A.</span> <span class='ocrx_word' id='word_1_249' title='bbox 527 3318 673 3388; x_wconf 75' lang='lat' dir='ltr'>gravatus]</span> <span class='ocrx_word' id='word_1_250' title='bbox 688 3320 817 3386; x_wconf 83' lang='lat' dir='ltr'>gratusB</span> <span class='ocrx_word' id='word_1_251' title='bbox 832 3336 866 3372; x_wconf 81' lang='lat' dir='ltr'>m.</span> <span class='ocrx_word' id='word_1_252' title='bbox 874 3336 928 3387; x_wconf 67' lang='lat' dir='ltr'>pr,</span> <span class='ocrx_word' id='word_1_253' title='bbox 943 3320 1092 3388; x_wconf 78' lang='lat' dir='ltr'>grautusL</span> <span class='ocrx_word' id='word_1_254' title='bbox 1106 3335 1141 3372; x_wconf 85' lang='lat' dir='ltr'>m.</span> <span class='ocrx_word' id='word_1_255' title='bbox 1153 3335 1198 3386; x_wconf 83' lang='lat' dir='ltr'>pr.</span> <span class='ocrx_word' id='word_1_256' title='bbox 1255 3324 1273 3371; x_wconf 89' lang='lat'>8</span> <span class='ocrx_word' id='word_1_257' title='bbox 1295 3321 1347 3373; x_wconf 89' lang='lat' dir='ltr'>dc-</span> 
     </span>
     <span class='ocr_line' id='line_1_32' title="bbox 313 3389 1347 3457; baseline 0.003 -16"><span class='ocrx_word' id='word_1_258' title='bbox 313 3389 415 3441; x_wconf 86' lang='lat' dir='ltr'>misere</span> <span class='ocrx_word' id='word_1_259' title='bbox 433 3392 453 3439; x_wconf 83' lang='lat' dir='ltr'>B</span> <span class='ocrx_word' id='word_1_260' title='bbox 468 3406 503 3442; x_wconf 86' lang='lat' dir='ltr'>m.</span> <span class='ocrx_word' id='word_1_261' title='bbox 518 3406 581 3443; x_wconf 84' lang='lat' dir='ltr'>sec:</span> <span class='ocrx_word' id='word_1_262' title='bbox 602 3389 733 3442; x_wconf 87' lang='lat' dir='ltr'>dimisere</span> <span class='ocrx_word' id='word_1_263' title='bbox 748 3394 778 3442; x_wconf 80' lang='grc' dir='ltr'>Δ.</span> <span class='ocrx_word' id='word_1_264' title='bbox 836 3394 869 3443; x_wconf 84' lang='grc'>14</span> <span class='ocrx_word' id='word_1_265' title='bbox 884 3389 1069 3457; x_wconf 89' lang='lat' dir='ltr'>confossoque</span> <span class='ocrx_word' id='word_1_266' title='bbox 1084 3390 1188 3443; x_wconf 77' lang='lat' dir='ltr'>Aldus:</span> <span class='ocrx_word' id='word_1_267' title='bbox 1210 3391 1347 3457; x_wconf 90' lang='lat' dir='ltr'>conposi-</span> 
     </span>
     <span class='ocr_line' id='line_1_33' title="bbox 314 3460 1345 3532; baseline 0.003 -20"><span class='ocrx_word' id='word_1_268' title='bbox 314 3462 401 3528; x_wconf 90' lang='lat' dir='ltr'>toque</span> <span class='ocrx_word' id='word_1_269' title='bbox 415 3464 445 3512; x_wconf 78' lang='lat' dir='ltr'>A.</span> <span class='ocrx_word' id='word_1_270' title='bbox 521 3465 553 3514; x_wconf 77' lang='lat'>17</span> <span class='ocrx_word' id='word_1_271' title='bbox 573 3460 680 3532; x_wconf 88' lang='lat' dir='ltr'>inquit]</span> <span class='ocrx_word' id='word_1_272' title='bbox 699 3461 800 3528; x_wconf 89' lang='lat' dir='ltr'>inquid</span> <span class='ocrx_word' id='word_1_273' title='bbox 819 3465 874 3514; x_wconf 78' lang='lat' dir='ltr'>LV.</span> <span class='ocrx_word' id='word_1_274' title='bbox 931 3461 1067 3531; x_wconf 79' lang='lat' dir='ltr'>umentia]</span> <span class='ocrx_word' id='word_1_275' title='bbox 1087 3460 1193 3514; x_wconf 88' lang='lat' dir='ltr'>ementi</span> <span class='ocrx_word' id='word_1_276' title='bbox 1208 3466 1228 3512; x_wconf 81' lang='grc' dir='ltr'>Ρ</span> <span class='ocrx_word' id='word_1_277' title='bbox 1247 3478 1284 3513; x_wconf 87' lang='lat' dir='ltr'>m.</span> <span class='ocrx_word' id='word_1_278' title='bbox 1298 3480 1345 3530; x_wconf 81' lang='lat' dir='ltr'>pr.</span> 
     </span>
     <span class='ocr_line' id='line_1_34' title="bbox 317 3531 1344 3601; baseline 0.004 -18"><span class='ocrx_word' id='word_1_279' title='bbox 317 3538 348 3583; x_wconf 80' lang='lat'>19</span> <span class='ocrx_word' id='word_1_280' title='bbox 368 3531 560 3599; x_wconf 90' lang='lat' dir='ltr'>propinquum</span> <span class='ocrx_word' id='word_1_281' title='bbox 574 3538 594 3583; x_wconf 84' lang='lat' dir='ltr'>L</span> <span class='ocrx_word' id='word_1_282' title='bbox 608 3550 642 3585; x_wconf 85' lang='lat' dir='ltr'>m.</span> <span class='ocrx_word' id='word_1_283' title='bbox 657 3549 720 3586; x_wconf 82' lang='lat' dir='ltr'>sec:</span> <span class='ocrx_word' id='word_1_284' title='bbox 735 3532 895 3601; x_wconf 87' lang='lat' dir='ltr'>propinquo</span> <span class='ocrx_word' id='word_1_285' title='bbox 910 3537 940 3586; x_wconf 78' lang='lat' dir='ltr'>A.</span> <span class='ocrx_word' id='word_1_286' title='bbox 997 3538 1031 3585; x_wconf 86' lang='grc'>40</span> <span class='ocrx_word' id='word_1_287' title='bbox 1045 3532 1151 3601; x_wconf 90' lang='lat' dir='ltr'>inquit]</span> <span class='ocrx_word' id='word_1_288' title='bbox 1166 3531 1270 3599; x_wconf 89' lang='lat' dir='ltr'>inquid</span> <span class='ocrx_word' id='word_1_289' title='bbox 1285 3539 1344 3587; x_wconf 80' lang='lat' dir='ltr'>LV.</span> 
     </span>
     <span class='ocr_line' id='line_1_35' title="bbox 315 3602 1344 3675; baseline 0.004 -20"><span class='ocrx_word' id='word_1_290' title='bbox 315 3608 347 3655; x_wconf 83' lang='lat'>21</span> <span class='ocrx_word' id='word_1_291' title='bbox 368 3602 527 3674; x_wconf 83' lang='lat' dir='ltr'>fortiorem]</span> <span class='ocrx_word' id='word_1_292' title='bbox 545 3603 694 3658; x_wconf 86' lang='lat' dir='ltr'>forciorem</span> <span class='ocrx_word' id='word_1_293' title='bbox 711 3609 743 3657; x_wconf 80' lang='lat' dir='ltr'>v.</span> <span class='ocrx_word' id='word_1_294' title='bbox 843 3609 876 3657; x_wconf 89' lang='grc'>44</span> <span class='ocrx_word' id='word_1_295' title='bbox 896 3604 1041 3675; x_wconf 78' lang='lat' dir='ltr'>noveram]</span> <span class='ocrx_word' id='word_1_296' title='bbox 1060 3602 1188 3657; x_wconf 89' lang='lat' dir='ltr'>nouerim</span> <span class='ocrx_word' id='word_1_297' title='bbox 1207 3609 1228 3654; x_wconf 79' lang='lat' dir='ltr'><strong>F</strong></span> <span class='ocrx_word' id='word_1_298' title='bbox 1247 3620 1283 3657; x_wconf 82' lang='lat' dir='ltr'>m.</span> <span class='ocrx_word' id='word_1_299' title='bbox 1295 3623 1344 3673; x_wconf 77' lang='lat' dir='ltr'>pr.</span> 
     </span>
     <span class='ocr_line' id='line_1_36' title="bbox 314 3673 1345 3746; baseline 0.003 -19"><span class='ocrx_word' id='word_1_300' title='bbox 314 3680 348 3727; x_wconf 84' lang='grc'>43</span> <span class='ocrx_word' id='word_1_301' title='bbox 368 3673 524 3746; x_wconf 88' lang='lat' dir='ltr'>fortiorem]</span> <span class='ocrx_word' id='word_1_302' title='bbox 544 3675 694 3728; x_wconf 89' lang='lat' dir='ltr'>forciorem</span> <span class='ocrx_word' id='word_1_303' title='bbox 712 3681 743 3731; x_wconf 87' lang='lat' dir='ltr'>V.</span> <span class='ocrx_word' id='word_1_304' title='bbox 873 3680 907 3727; x_wconf 81' lang='grc'>44</span> <span class='ocrx_word' id='word_1_305' title='bbox 925 3676 1039 3746; x_wconf 84' lang='lat' dir='ltr'>parum]</span> <span class='ocrx_word' id='word_1_306' title='bbox 1063 3692 1184 3743; x_wconf 84' lang='lat' dir='ltr'>paruum</span> <span class='ocrx_word' id='word_1_307' title='bbox 1207 3680 1228 3725; x_wconf 80' lang='lat' dir='ltr'><strong>F</strong></span> <span class='ocrx_word' id='word_1_308' title='bbox 1248 3692 1284 3727; x_wconf 84' lang='lat' dir='ltr'>m.</span> <span class='ocrx_word' id='word_1_309' title='bbox 1298 3694 1345 3744; x_wconf 83' lang='lat' dir='ltr'>pr.</span> 
     </span>
     <span class='ocr_line' id='line_1_37' title="bbox 315 3745 1344 3817; baseline 0.004 -20"><span class='ocrx_word' id='word_1_310' title='bbox 315 3750 348 3797; x_wconf 80' lang='grc'>46</span> <span class='ocrx_word' id='word_1_311' title='bbox 367 3745 450 3816; x_wconf 89' lang='lat' dir='ltr'>quid]</span> <span class='ocrx_word' id='word_1_312' title='bbox 469 3747 535 3813; x_wconf 91' lang='lat' dir='ltr'>quic</span> <span class='ocrx_word' id='word_1_313' title='bbox 553 3752 582 3798; x_wconf 87' lang='lat' dir='ltr'>P.</span> <span class='ocrx_word' id='word_1_314' title='bbox 665 3752 699 3799; x_wconf 87' lang='grc'>46</span> <span class='ocrx_word' id='word_1_315' title='bbox 717 3746 824 3817; x_wconf 89' lang='lat' dir='ltr'>inquit]</span> <span class='ocrx_word' id='word_1_316' title='bbox 843 3746 944 3813; x_wconf 89' lang='lat' dir='ltr'>inquid</span> <span class='ocrx_word' id='word_1_317' title='bbox 963 3752 1019 3799; x_wconf 86' lang='lat' dir='ltr'>LV.</span> <span class='ocrx_word' id='word_1_318' title='bbox 1099 3750 1132 3800; x_wconf 83' lang='grc'>47</span> <span class='ocrx_word' id='word_1_319' title='bbox 1154 3762 1210 3814; x_wconf 90' lang='lat' dir='ltr'>quo</span> <span class='ocrx_word' id='word_1_320' title='bbox 1231 3747 1344 3803; x_wconf 81' lang='lat' dir='ltr'>Lauer:</span> 
     </span>
     <span class='ocr_line' id='line_1_38' title="bbox 315 3817 1038 3885; baseline 0.003 -16"><span class='ocrx_word' id='word_1_321' title='bbox 315 3818 391 3885; x_wconf 91' lang='lat' dir='ltr'>quod</span> <span class='ocrx_word' id='word_1_322' title='bbox 410 3822 440 3871; x_wconf 80' lang='grc' dir='ltr'>Δ.</span> <span class='ocrx_word' id='word_1_323' title='bbox 515 3823 548 3870; x_wconf 85' lang='grc'>49</span> <span class='ocrx_word' id='word_1_324' title='bbox 568 3818 683 3872; x_wconf 83' lang='lat' dir='ltr'>fortune</span> <span class='ocrx_word' id='word_1_325' title='bbox 703 3818 824 3872; x_wconf 81' lang='lat' dir='ltr'>Giauta:</span> <span class='ocrx_word' id='word_1_326' title='bbox 844 3817 988 3871; x_wconf 89' lang='lat' dir='ltr'>fortunam</span> <span class='ocrx_word' id='word_1_327' title='bbox 1007 3823 1038 3871; x_wconf 78' lang='lat' dir='ltr'>A.</span> 
     </span>
    </p>
   </div>
   <div class='ocr_carea' id='block_1_5' title="bbox 0 0 1586 4459">
    <p class='ocr_par' dir='ltr' id='par_1_10' title="bbox 0 0 1586 4459">
     <span class='ocr_line' id='line_1_39' title="bbox 0 0 1586 4459; baseline 0 0"><span class='ocrx_word' id='word_1_328' title='bbox 0 0 1586 4459; x_wconf 95' lang='lat' dir='ltr'> </span> 
     </span>
    </p>
   </div>
  </div>
 </body>
</html>
