3150 4459
516 297 552 369 f

495 474 750 528 maronianum
768 473 984 528 erumnam
1003 474 1036 538 x,
1057 479 1081 528 e.
1096 481 1121 528 4.
1253 473 1319 539 363

294 659 370 720 qnos
387 659 457 702 eum
472 638 669 716 Macedones,
687 640 743 719 qui
760 638 855 703 huius
867 639 1030 703 seditionis
1041 640 1203 719 prinsipes
1221 642 1320 716 nant,

293 729 392 792 vindi
414 727 460 792 ad
480 727 637 808 supplicio
659 726 864 807 namara,
891 747 991 791 unum
1014 747 1051 791 en
1074 728 1116 792 iis
1139 729 1322 791 anana

244 820 281 876 le
295 822 325 880 ei
339 822 438 881 anate
449 836 576 899 prooem
590 817 636 880 od
647 836 748 899 repan
761 818 810 881 ita
823 816 955 881 loentum
968 817 1092 897 fauni:
1111 814 1321 900 ‘Quousque',
1336 822 1377 877 IV

294 906 414 988 inquit,
448 906 648 969 ‘animo-tuo
672 906 770 969 etiarn
794 928 852 989 per
874 905 1033 989 supplicia
1057 909 1089 969 et
1113 905 1242 987 quidem
1268 927 1319 968 ex-

267 996 377 1059 sterni
400 995 500 1059 moris
515 994 734 1077 obsequeris?
756 994 880 1059 Milites
899 996 957 1073 tui,
980 993 1066 1059 cives
1085 996 1135 1057 tui
1154 994 1321 1080 incognita

294 1105 389 1148 eausa
413 1087 445 1147 et
468 1083 605 1169 captivis
624 1084 691 1149 ouis
710 1083 902 1148 ducentibus
920 1082 1095 1147 trahuntur
1113 1084 1152 1147 ad
1172 1105 1320 1168 poenam.

295 1172 330 1237 Si
354 1177 492 1237 mortem
515 1174 671 1237 meruisse
692 1173 826 1257 iudicas,
849 1172 962 1237 saltem
981 1172 1148 1237 ministros
1168 1172 1322 1257 supplicii

294 1260 410 1325 mutass’
450 1260 566 1326 Amico
589 1262 708 1340 animo,
731 1263 759 1326 si
782 1262 852 1327 veri
875 1264 1001 1347 patiens
1025 1261 1148 1345 fuisset,
1172 1262 1357 1327 admone-n

293 1350 399 1431 batur,
422 1352 478 1417 sed
500 1353 536 1415 in
558 1350 681 1415 rabiem
704 1352 752 1415 ira
775 1356 972 1436 pervenerat.
1009 1349 1124 1435 Itaque
1147 1372 1257 1415 rursus
1277 1388 1321 1397 —

255 1461 369 1504 1onam
398 1463 584 1525 parumper,
617 1439 736 1524 quibus
760 1441 956 1525 imperatum
980 1444 1062 1524 erat,
1095 1441 1323 1504 dubitaverant

295 1566 340 1574 -
358 1531 462 1616 mergi
485 1530 519 1593 in
542 1551 678 1612 amnem,
701 1530 785 1595 siout
808 1529 909 1594 vineti
928 1533 1028 1612 erant,
1051 1531 1154 1594 iussit.
1191 1528 1242 1593 Ne
1260 1530 1358 1595 hose

296 1618 426 1701 quidem
446 1618 641 1704 supplicium
660 1618 851 1684 seditionem
870 1618 1011 1684 militum
1030 1620 1141 1684 movit.
1171 1618 1323 1702 Namque

290 1707 462 1790 ,copiarum
500 1708 597 1773 duoes
628 1712 726 1791 atque
758 1708 879 1773 amieos
912 1709 981 1772 eius
1013 1708 1171 1792 manipuli
1203 1708 1323 1772 adeunt

295 1801 451 1882 petentes,
474 1799 520 1879 ut,
543 1797 571 1860 si
595 1818 676 1880 quoe
696 1797 801 1862 adhue
818 1798 956 1881 pristina
976 1820 1061 1863 noxa
1078 1797 1236 1862 iudicaret
1254 1818 1323 1860 esse

255 1911 281 1951 a
297 1890 476 1969 contactos,
506 1886 632 1950 iuberet
662 1887 809 1950 interfici.
857 1884 980 1951 Offerre
1010 1909 1044 1950 se
1075 1908 1211 1971 corpora
1242 1887 1322 1950 irae:

295 1975 479 2039 trucidaret.
534 1976 677 2040 Tandem
700 1996 783 2057 prae
813 1976 916 2040 dolore
936 1978 1003 2041 *oin
1033 1978 1145 2041 mentis
1174 1981 1324 2057 compotes

293 2066 434 2129 universi
456 2070 644 2129 mnemrunt
665 2064 711 2128 ad
731 2067 852 2146 repiom
876 2067 1035 2147 numisque
1057 2066 1232 2146 anteferes
1246 2086 1323 2146 pro-

293 2155 380 2219 ieetis
409 2156 543 2219 tunicati
570 2160 720 2237 astantes,
749 2160 784 2219 nt
810 2155 900 2219 nuda
922 2160 952 2219 et
972 2155 1107 2220 obnoxia
1123 2155 1237 2236 poenis
1259 2174 1324 2219 eor·

287 2264 372 2323 pora
402 2244 652 2322 admitterentur,
682 2244 789 2325 fientes
816 2244 957 2309 orabant.
1003 2244 1077 2309 Non
1099 2264 1132 2308 se
1154 2244 1323 2326 deprecari,

254 2356 281 2395 so
294 2334 373 2413 quin
394 2333 560 2415 suppliciis
581 2334 718 2398 sontium
741 2334 957 2417 expiarentur,
987 2355 1068 2416 quoe
1084 2354 1144 2415 per
1166 2339 1324 2398 oontnmo-

296 2422 379 2484 ciam
403 2422 611 2504 deliquissent.
657 2422 754 2505 Rapis
782 2424 984 2487 iraenndiom
1006 2422 1068 2487 sibi
1091 2429 1187 2487 morie
1209 2424 1324 2487 tristia

294 2531 361 2575 rem
384 2530 455 2576 esse.
494 2510 633 2594 &mque
655 2511 722 2577 dies
743 2518 902 2593 nodosque
925 2517 997 2577 onte
1018 2514 1139 2595 sepiam
1156 2513 1324 2593 persisten-

296 2605 340 2664 tes
380 2600 555 2665 miserabili
594 2602 729 2666 elamore
768 2602 936 2683 taedaque
965 2603 1196 2683 paenitentiam
1232 2621 1323 2665 suam

296 2689 513 2774 adnotarent,
536 2691 666 2755 biduum
689 2697 795 2756 tamen
816 2694 965 2757 adnnsns
982 2690 1179 2754 humillimos
1196 2710 1324 2754 morum

256 2802 281 2842 rs
289 2799 398 2860 preces
426 2779 597 2844 iracundia
626 2781 709 2862 repis
738 2781 874 2845 dmooii.
922 2781 1026 2844 Tertio
1055 2781 1105 2843 die
1131 2781 1229 2844 onius
1256 2799 1325 2843 eon-

295 2870 416 2932 stontio
442 2869 618 2950 supplicum
640 2870 794 2951 processit
819 2871 1022 2950 ineusataqne
1044 2868 1153 2933 leniter
1175 2871 1325 2933 enneitns

296 2958 483 3023 inmodestia
504 2979 569 3023 non
588 2959 657 3023 sine
674 2958 782 3023 multis
799 2960 955 3039 utrimque
973 2957 1115 3022 ioannis
1132 2959 1168 3021 in
1185 2958 1325 3039 pretinm

295 3066 329 3111 se
351 3068 421 3111 eum
443 3048 524 3128 ipsis
545 3048 649 3112 redire
664 3049 827 3129 professus
845 3053 896 3112 est.
934 3046 1045 3128 Dipno
1064 3051 1235 3111 iomannes
1254 3048 1333 3110 niso-

369 3299 386 3345 4
405 3293 533 3365 quidem]
552 3294 669 3362 quidam
687 3300 718 3348 V.
774 3299 790 3347 ὅ
811 3293 974 3362 obsequeris
991 3292 1112 3347 Ginnta:
1133 3290 1278 3360 exequeris
1292 3296 1323 3345 A.

299 3366 364 3417 det
383 3365 496 3435 Stonpl:
516 3383 534 3418 a
551 3370 582 3418 A.
666 3365 799 3437 poenam]
818 3381 941 3434 paenam
959 3369 1042 3417 HV.
1134 3362 1278 3416 7iudioas
1297 3368 1323 3415 1:

296 3434 407 3489 indicae
422 3441 453 3489 A.
509 3436 665 3508 8patiene]
679 3437 795 3505 paciens
809 3442 830 3489 L
844 3454 878 3490 m.
891 3454 935 3505 pr.
993 3441 1024 3488 11
1041 3433 1141 3506 vineti]
1155 3433 1269 3487 uiuriv.

297 3506 341 3560 No
359 3508 519 3577 Zumptins:
546 3524 599 3563 neo
618 3514 647 3561 A.
741 3514 773 3561 12
798 3507 979 3578 seditionem]
1003 3506 1175 3561 sedicionem
1193 3512 1213 3558 Ι.
1231 3522 1266 3559 m.
1277 3522 1323 3574 pr.

299 3583 332 3631 15
352 3581 496 3632 contactos
515 3585 541 3632 1:
569 3582 727 3633 contractos
746 3585 777 3632 A.
851 3579 923 3632 irae:
946 3578 1103 3633 trucidaret
1123 3577 1252 3632 Montius:
1281 3576 1324 3629 ira

296 3650 484 3704 retruoidaret
502 3655 533 3704 A.
577 3652 664 3705 Verbo
682 3668 752 3720 qnae
774 3657 905 3706 seruntur
923 3667 1009 3717 nsque
1031 3649 1069 3703 ad
1092 3648 1206 3703 initium
1224 3648 1325 3717 eapitis

297 3723 390 3790 quinti
404 3722 468 3775 add.
485 3722 700 3788 Freinshemius,
719 3724 752 3776 in
770 3727 793 3774 A
811 3722 892 3776 nulia
906 3722 1016 3776 stortae
1031 3738 1102 3791 pars
1120 3736 1211 3775 naono
1229 3719 1325 3774 relicta

297 3800 345 3859 est,
360 3793 407 3847 sed
420 3794 476 3847 sine
491 3796 523 3848 in
537 3796 597 3863 ipso
611 3811 690 3848 uersu
704 3796 760 3863 (ΕΙ.
773 3811 809 3848 m.
817 3810 862 3861 pr.
872 3796 904 3862 V)
919 3794 975 3848 sive
988 3794 1021 3846 in
1034 3793 1159 3862 morpine
1174 3792 1229 3860 (nn
1244 3792 1324 3859 sorr.)

296 3886 315 3920 o
334 3881 403 3919 corr.
420 3865 485 3919 odd.
505 3866 572 3919 hino
591 3865 678 3919 deest.
