3150 4459
333 433 375 496 74
710 432 741 497 Q.
762 433 871 487 CURTI
890 433 977 487 RUFI

332 596 554 681 temptandum
573 597 689 661 vadum
710 597 852 662 fluminis
871 598 1044 682 praemisit.
1092 597 1190 663 Cuius
1214 598 1351 664 altitudo

332 687 436 770 primo
461 708 586 750 summa
614 709 770 771 equorum
794 692 941 771 pectora,
971 709 1059 769 mox,
1088 692 1125 751 ut
1153 688 1187 750 in
1210 688 1351 753 medium

279 792 312 840 16
332 775 459 840 alveum
475 780 607 840 rentum
625 780 682 860 est,
700 776 839 841 cervices
854 798 983 860 quoque
997 777 1164 862 aequabat.
1193 775 1226 841 N
1227 799 1266 842 ec
1279 799 1351 841 sane

332 865 415 929 alius
433 866 539 930 omnis
557 865 596 927 ad
613 864 753 930 Orientis
773 865 903 951 plagam
922 870 989 930 tam
1008 865 1168 931 violentus
1188 866 1352 931 invehitur

331 955 508 1019 multorum
527 956 721 1019 torrentium
739 977 807 1019 non
825 978 924 1038 aquas
945 955 1059 1037 solum,
1083 956 1139 1021 sed
1159 956 1258 1020 etiarn
1278 977 1352 1021 saxa
1374 981 1384 1020 s

332 1066 441 1109 secum
464 1044 604 1108 trahens.
650 1043 764 1128 ltaque
788 1067 806 1108 a
830 1045 1002 1127 celeritate,
1026 1067 1089 1128 qua
1112 1044 1238 1129 defluit,
1263 1044 1352 1131 Tigri

331 1155 449 1197 nomen
469 1137 517 1197 est
536 1132 684 1216 inditum,
709 1135 784 1216 quie
803 1134 932 1198 Persica
950 1135 1062 1219 lingua
1080 1134 1181 1221 tigrin
1199 1135 1351 1220 sagittam

279 1240 311 1288 17
332 1222 506 1307 appellant.
551 1221 658 1308 Igitur
685 1224 781 1306 pedes
811 1223 900 1287 velut
928 1223 1050 1288 divisus
1082 1224 1116 1288 in
1144 1244 1267 1288 cornua
1295 1225 1350 1291 cir·
1365 1227 1394 1283 88

331 1311 481 1376 cumdato
515 1312 676 1396 equitatu,
712 1313 827 1376 levatis
863 1335 959 1397 super
992 1313 1099 1397 capita
1136 1314 1232 1377 armis
1267 1313 1353 1377 haud

279 1417 311 1466 18
331 1423 425 1487 aegre
444 1401 484 1464 ad
504 1401 610 1485 ipsum
629 1402 755 1466 alveum
774 1406 930 1486 penetrat.
976 1401 1105 1467 Primus
1124 1404 1209 1467 inter
1227 1402 1352 1487 pedites
1365 1427 1386 1468 a

331 1513 386 1554 rex
411 1512 558 1576 egressus
582 1491 616 1554 in
639 1492 743 1574 ripam
766 1491 885 1555 vadum
909 1491 1067 1556 militibus
1091 1514 1198 1576 manu,
1222 1492 1351 1576 quando

331 1602 395 1644 vox
410 1580 555 1644 exaudiri
569 1602 634 1644 non
649 1583 787 1664 poterat,
802 1580 952 1645 ostendit.
995 1580 1058 1645 Sed
1073 1581 1209 1666 gradum
1222 1581 1352 1646 firmare

330 1670 385 1733 vix
408 1673 573 1754 poterant,
601 1691 674 1733 cum
698 1668 794 1733 modo
818 1692 894 1734 saxa
917 1669 1042 1735 lubrica
1064 1671 1239 1758 vestigium
1263 1671 1352 1737 falle

278 1777 311 1824 la
329 1763 411 1845 rent,
434 1760 531 1823 modo
549 1758 694 1843 rapidior
712 1759 798 1822 unda
817 1759 1016 1824 subduceret.
1062 1758 1260 1844 Praecipuus
1284 1766 1352 1826 erat

330 1849 422 1913 labor
454 1870 579 1931 eorum,
617 1849 673 1932 qui
704 1848 847 1913 humeris
881 1870 978 1912 onera
1010 1848 1196 1933 portabant:
1231 1851 1352 1935 quippe
1366 1874 1388 1915 rs

331 1960 404 2002 cum
419 1939 608 2022 semetipsos
627 1959 737 2023 regere
756 1959 822 2001 non
841 1941 983 2022 possent,
1002 1940 1035 2002 in
1054 1938 1184 2023 rapidos
1204 1940 1352 2026 gurgItes

330 2027 536 2093 incommodo
566 2049 661 2091 onere
689 2026 931 2110 auferebantur,
964 2031 997 2091 ct
1024 2028 1100 2092 dum
1129 2050 1187 2092 sua
1215 2030 1353 2114 quisque

331 2116 436 2201 spolia
459 2118 613 2200 consequi
641 2117 763 2200 studet,
792 2118 894 2181 maior
921 2118 1006 2182 inter
1033 2118 1121 2202 ipsos
1150 2140 1249 2201 quam
1278 2140 1352 2184 cum

330 2207 418 2270 amni
446 2210 517 2270 orta
545 2206 681 2271 luctatio
705 2210 766 2288 est,
796 2207 981 2290 cumulique
1010 2209 1206 2272 sarcinarum
1229 2208 1352 2291 passim

276 2312 310 2361 20
330 2296 493 2360 fluitantes
512 2298 684 2380 plerosque
703 2297 914 2380 perculerant.
961 2295 1029 2361 Rex
1049 2318 1188 2380 monere,
1212 2301 1250 2362 ut
1274 2300 1352 2363 satis
1366 2323 1389 2361 a

330 2385 485 2449 haberent
518 2408 606 2449 arma
636 2385 786 2449 retinere:
823 2388 928 2449 cetera
958 2408 991 2450 se
1021 2385 1231 2450 redditurum.
1288 2385 1353 2452 Sed

329 2497 434 2558 neque
462 2474 635 2539 consilium
661 2496 767 2557 neque
795 2475 966 2559 imperium
996 2476 1098 2560 accipi
1126 2479 1266 2560 poterat:
1296 2478 1353 2542 ob-

330 2564 493 2648 strepebat
511 2563 586 2627 hinc
605 2567 720 2647 metus,
743 2568 872 2648 praeter
894 2564 981 2628 hunc
1000 2564 1137 2629 invicem
1156 2564 1352 2630 luctantium

276 2671 309 2717 21
330 2657 460 2717 mutuus
493 2653 622 2718 clamor.
669 2652 827 2736 Tandem,
859 2676 923 2737 que
955 2654 1076 2719 leniore
1109 2658 1215 2723 tractu
1247 2656 1352 2720 amnis

330 2743 436 2827 aperit
458 2742 585 2824 vadum,
609 2764 775 2826 emersere,
801 2764 861 2807 nec
885 2743 1057 2827 quicquam
1080 2746 1207 2828 praeter
1230 2766 1352 2828 paucas
1366 2768 1389 2808 a

276 2849 309 2897 22
330 2834 471 2898 sarcinas
500 2832 715 2896 desideratum
743 2836 800 2896 est.
847 2832 956 2896 Deleri
984 2834 1093 2917 potuit
1120 2834 1295 2918 exercitus,
1324 2834 1351 2898 si

329 2922 401 3006 quis
430 2921 557 2986 vincere
585 2943 682 2985 ausus
710 2925 805 3003 esset,
837 2922 891 2985 sed
920 2927 1076 3006 perpetua
1104 2923 1236 2987 fortuna
1263 2924 1352 3010 regis

330 3012 445 3076 avertit
470 3010 543 3074 inde
567 3010 702 3074 hostem.
750 3010 804 3075 Sic
829 3010 1003 3076 Granicum
1034 3016 1085 3076 tot
1107 3011 1239 3077 milibus
1263 3014 1351 3097 equi-

328 3106 398 3166 tum
422 3101 633 3186 peditumque
662 3100 696 3163 in
719 3099 872 3165 ulteriore
896 3101 1056 3165 stantibus
1084 3102 1155 3186 ripa
1178 3104 1352 3186 superavit,

192 3181 311 3220 “W
324 3193 377 3255 'sic
404 3191 551 3275 angustis
578 3191 613 3253 in
636 3186 766 3253 Ciliciae
795 3188 930 3254 callibus
957 3193 1081 3256 tantam
1110 3191 1352 3258 multitudinem
1365 3215 1390 3255 so

400 3336 416 3382 3
432 3328 503 3400 Nec]
518 3348 552 3382 ne
562 3335 592 3383 V.
635 3330 772 3384 doura-is
786 3330 850 3383 add.
862 3331 1050 3385 Eberbarduc.
1094 3337 1109 3384 6
1124 3330 1215 3414 Tigri]
1226 3330 1315 3402 Tygri
1325 3339 1350 3386 c.

330 3407 343 3454 7
356 3400 454 3471 tigrin]
465 3401 561 3471 tygrin
571 3407 596 3455 0.
649 3406 664 3453 8
679 3400 836 3472 appellant]
848 3401 973 3470 apellant
982 3407 1009 3455 Ι..
1062 3408 1095 3456 10
1105 3402 1226 3474 pedites]
1238 3403 1351 3472 pedites

329 3478 396 3526 Lm.
408 3490 453 3541 pr.
469 3478 488 3523 P
503 3490 536 3526 m.
548 3490 592 3541 pr.
659 3479 691 3527 13
710 3472 794 3526 modo
814 3474 893 3544 saxa]
908 3474 1005 3527 modos
1021 3480 1129 3528 saxal’.
1200 3480 1233 3527 15
1253 3476 1351 3547 onera]

329 3544 434 3597 honera
444 3550 469 3596 c.
518 3549 550 3598 18
561 3544 707 3615 consequi]
718 3561 781 3597 cum
792 3544 872 3612 sequi
882 3549 901 3596 L
911 3563 946 3598 m.
957 3562 1002 3614 pr.
1051 3551 1083 3598 19
1094 3545 1167 3616 orta]
1177 3544 1299 3601 hortav.

330 3614 504 3685 cumulique]
515 3615 691 3684 cumulqueP
701 3634 735 3670 m.
742 3634 788 3684 pr.
845 3622 878 3668 22
891 3616 994 3687 accipi]
1005 3616 1099 3686 ancipi
1109 3624 1136 3670 Ρ.
1192 3622 1226 3671 23
1240 3617 1352 3672 luctan-

328 3688 401 3740 tium
411 3687 737 3742 Beatleiustnutantium
748 3692 777 3738 Δ.
835 3693 868 3740 25
880 3688 982 3759 aperit]
994 3688 1104 3758 apparit
1113 3695 1141 3743 Ρ.
1195 3694 1228 3741 26
1243 3688 1351 3762 Deleri]

329 3758 421 3811 delere
440 3765 459 3810 P
478 3776 512 3812 m.
522 3777 567 3827 pr.
642 3764 675 3811 27
695 3758 816 3883 vincere]
835 3758 944 3814 uincire
962 3766 992 3813 V·
1070 3765 1104 3813 30
1124 3759 1251 3832 Ciliciae]
1272 3760 1352 3817 ciali-

329 3829 387 3883 tiae
406 3835 433 3883 P.
508 3830 627 3884 callibus
646 3830 750 3884 Aldus:
771 3846 803 3883 co
816 3829 891 3884 libus
910 3839 935 3898 0,
956 3831 1105 3902 colligibus
1123 3838 1152 3886 Ρ.
