3150 4459
331 425 421 507 262,
711 426 741 490 Q.
762 425 871 479 cuam
890 426 975 480 ltUFl

331 593 397 651 tem
423 588 567 654 condidit
591 592 701 672 paucis
725 589 981 672 propellentibus
1005 611 1130 673 peoora,
1156 594 1195 653 ut
1223 593 1364 676 inprovi-

333 677 408 741 dum
432 678 471 741 ad
495 678 627 741 insidias
646 679 765 762 praeda
784 679 981 762 perduceret.
1018 678 1132 762 Itaque
1152 681 1364 766 inconposito

297 768 459 852 sagmine
484 768 664 851 solutisque
688 768 855 832 ordinibus
879 767 1010 832 Attinas
1037 768 1300 852 praedabundus
1324 794 1365 836 se-

332 856 502 939 quebatur:
528 879 623 939 quem
646 862 920 943 praetergressum
945 858 1069 941 silvam,
1092 858 1150 941 qui
1175 860 1210 921 in
1236 882 1276 924 ea
1296 883 1365 925 con·

331 946 488 1030 sederant,
506 946 725 1030 exinproviso
740 947 845 1010 adorti
861 968 931 1011 eum
950 946 1099 1011 omnibus
1114 947 1366 1015 interemerunt.
1388 976 1396 1014 a

296 1033 487 1099 sceleriter
518 1034 559 1097 ad
584 1036 750 1100 Craterum
782 1036 879 1100 huius
913 1037 1013 1100 cladis
1042 1037 1126 1100 fama
1149 1040 1286 1120 perlata
1310 1043 1367 1123 ast,

332 1126 387 1206 qui
420 1146 493 1188 cum
527 1125 614 1187 omni
648 1126 794 1208 equitatu
827 1126 1020 1209 supervenit.
1078 1124 1123 1189 Bt
1155 1126 1367 1215 Massagetae

331 1214 460 1296 quidem
489 1215 553 1278 iam
576 1215 776 1299 refugerant,
808 1214 920 1278 Dahae
944 1233 969 1277 M
994 1216 1139 1299 oppressi
1165 1221 1262 1282 sunt:
1290 1240 1368 1302 quo-

296 1321 401 1366 rrum
433 1303 521 1366 clade
544 1304 646 1367 totius
669 1304 811 1389 regionis
834 1305 927 1368 finita
952 1304 1089 1369 defectio
1114 1308 1185 1384 est.⁴
1221 1306 1368 1372 Alexan-

331 1391 387 1455 der
410 1414 539 1475 quoque
559 1390 730 1477 Sogdianis
753 1415 865 1457 rursus
890 1393 1031 1457 subactis
1050 1393 1251 1459 Maracanda
1276 1420 1368 1482 repe·
1381 1424 1399 1463 n

329 1480 380 1544 tit.
426 1480 476 1544 lbi
500 1481 637 1564 Dardae,
671 1504 766 1565 quem
796 1483 836 1546 ad
861 1481 997 1567 Scythas
1028 1504 1125 1566 super
1148 1482 1367 1567 Bosphorum

295 1592 310 1634 s
331 1573 472 1634 colentes
495 1570 636 1654 miserat,
660 1592 733 1635 cum
756 1572 874 1658 legatis
897 1573 1004 1656 gentis
1030 1571 1177 1637 occurrit.
1225 1573 1368 1640 Phrata-

329 1658 467 1742 phernes
488 1681 624 1744 quoque,
645 1663 701 1743 qni
717 1659 917 1726 Chorasmiis
935 1664 1091 1745 praeerat,
1110 1660 1312 1748 Massagetis
1336 1672 1368 1730 et

330 1747 432 1812 Dahis
456 1749 624 1834 regionum
649 1750 788 1815 confinio
813 1751 982 1815 adiunctus
1006 1752 1147 1833 miserat,
1173 1754 1233 1835 qui
1259 1756 1368 1820 factu-

294 1857 309 1902 9
329 1860 400 1902 rum
420 1839 579 1921 imperata
597 1840 834 1923 pollicerentur.
870 1838 1009 1923 Scythae
1027 1841 1189 1924 petebant,
1213 1848 1256 1906 ut
1276 1846 1366 1931 regis
1380 1870 1399 1909 a

330 1927 379 1989 sui
412 1928 512 1991 filiam
546 1928 754 1993 matrimonio
787 1930 849 1993 sibi
881 1930 1042 2015 iungeret:
1077 1930 1103 1993 si
1127 1929 1367 2015 dedignaretur

330 2016 540 2102 adfinitatem,
558 2018 721 2102 principes
736 2017 949 2083 Macedonum
970 2039 1041 2082 cum
1062 2019 1265 2101 primoribus
1287 2046 1366 2089 suae

330 2106 435 2190 gentis
460 2107 600 2171 conubio
624 2110 709 2171 coire
732 2112 912 2192 pateretur:
936 2108 1041 2189 ipsum
1063 2108 1205 2193 [regum]
1227 2132 1365 2196 quoque

278 2214 310 2258 10
330 2216 439 2280 regem
463 2200 634 2260 venturum
658 2196 698 2259 ad
722 2219 796 2260 eum
820 2198 1065 2279 pollicebantur.
1103 2196 1252 2281 Utraque
1276 2203 1365 2287 lega·

329 2284 418 2348 tione
441 2285 581 2371 benigne
604 2286 714 2349 audita
732 2285 1008 2370 Hephaestionem
1032 2292 1064 2350 et
1084 2286 1287 2354 Artabazum
1308 2313 1366 2375 op·
1379 2315 1399 2354 n

328 2374 455 2456 periens
485 2374 602 2438 stativa
630 2374 761 2439 habuit:
796 2375 913 2459 quibus
938 2375 1098 2439 adiunctis
1122 2376 1155 2439 in
1178 2378 1364 2466 regionem,

330 2484 412 2545 quae
436 2467 618 2546 appellatur
641 2464 784 2549 Bazaira,
809 2466 963 2548 pervenit.

276 2571 308 2617 11
395 2552 555 2616 Barbarae
589 2554 772 2636 opulentiae
806 2558 840 2617 in
873 2554 938 2619 illis
969 2554 1050 2618 locis
1078 2555 1164 2617 haud
1188 2558 1258 2619 ulla
1285 2556 1394 2623 sunt]

295 2673 298 2679 ·
328 2642 451 2706 maiora
471 2642 589 2706 indicia
608 2665 705 2727 quam
725 2643 852 2729 magnis
871 2643 1058 2709 nemoribus
1079 2644 1284 2727 saltibusque
1305 2670 1363 2711 no-

277 2730 443 2796 labilium
468 2732 606 2795 ferarum
631 2754 747 2819 greges
771 2734 861 2797 clusi.
901 2732 1067 2816 Spatiosas
1089 2733 1129 2796 ad
1148 2734 1210 2797 hoc
1229 2735 1364 2822 eligunt
1377 2762 1398 2801 a

330 2820 426 2883 silvas
460 2821 580 2885 crebris
611 2821 801 2905 perennium
831 2844 987 2905 aquarum
1016 2822 1161 2886 fontibus
1190 2844 1362 2890 amoenas:

328 2910 429 2973 muris
444 2932 576 2974 nemora
595 2911 770 2996 cinguntur
788 2915 958 2994 turresque
972 2910 1092 2975 habent
1106 2913 1298 2979 venantium
1315 2938 1362 2979 re-

402 3110 418 3157 4
437 3120 471 3157 ea
490 3104 770 3228 consederantgeam
787 3105 967 3159 considerant
983 3111 1007 3157 c.
1081 3111 1097 3158 8
1117 3104 1227 3175 Dahae]
1243 3105 1318 3161 daae
1334 3114 1360 3162 c.

329 3178 408 3227 9est
426 3173 477 3229 oda.
496 3180 524 3230 B.
626 3181 657 3228 11
706 3177 787 3230 erdas
806 3178 918 3246 scripsi:
938 3176 1038 3230 bordes
1058 3182 1119 3229 ΔΗ.
1221 3177 1360 3252 Scythas]

329 3245 435 3299 scithas
454 3253 478 3300 c.
583 3253 615 3300 12
635 3247 875 3318 Phrataphernes]
898 3248 1128 3317 phrathaphenes
1148 3254 1165 3299 c
1189 3247 1359 3317 [pharatha-

329 3317 435 3386 phanes
454 3324 483 3371 V.
560 3324 591 3370 13
612 3318 800 3373 Chorasmiis
818 3321 926 3374 Rader:
952 3320 1050 3373 choras
1070 3325 1100 3372 Δ.
1178 3324 1313 3387 praeerat
1330 3329 1357 3376 1:

328 3388 470 3456 praeierat
484 3395 514 3442 Δ.
572 3396 605 3442 14
626 3390 713 3443 Dahis
732 3397 758 3444 1:
778 3390 841 3443 <lais
856 3396 885 3443 Δ.
944 3396 975 3442 15
996 3389 1130 3461 Scythae]
1150 3390 1259 3444 scithas
1274 3395 1357 3446 BBI..

330 3465 362 3512 17
381 3460 536 3531 principes]
556 3462 703 3530 princepes
718 3468 746 3514 F.
812 3467 844 3514 18
864 3463 986 3533 [regum]
1006 3464 1056 3517 del.
1073 3464 1176 3516 Laacr.
1245 3467 1281 3516 20
1301 3465 1357 3518 He·

328 3532 522 3599 phaestionem
534 3534 649 3602 Oospus:
661 3534 855 3601 ephestionem
866 3539 895 3585 Δ.
941 3535 1112 3587 Artabazum
1124 3540 1150 3587 1:
1161 3532 1357 3587 ariabazumh

329 3603 483 3673 [aribazum
502 3610 571 3657 Pur..
583 3606 649 3675 pr]
742 3612 774 3657 21
796 3605 950 3675 adiunctis]
980 3605 1121 3658 abiunctis
1140 3610 1160 3656 B
1181 3623 1214 3658 m.
1230 3624 1276 3673 pr.
1299 3613 1356 3661 LV.

328 3680 363 3727 23
382 3675 471 3745 haud]
495 3676 565 3728 haut
583 3682 615 3729 Η.
716 3676 787 3746 ulla]
806 3676 858 3729 illa
877 3681 905 3729 B.
1009 3682 1042 3729 24
1062 3676 1181 3747 indicia]
1205 3676 1311 3731 inditia
1327 3685 1355 3731 P.

327 3746 425 3817 quam]
445 3764 529 3814 quem
548 3752 616 3801 Bm.
627 3765 674 3817 pr.
690 3753 710 3800 Ε
725 3765 815 3817 capr.
831 3754 851 3800 Ι,
866 3765 934 3802 corr.
950 3753 979 3801 V.
1059 3754 1093 3800 25
1114 3747 1270 3819 Spatiosas]
1293 3766 1357 3819 spe-

328 3817 420 3875 ciosas
440 3823 457 3869 0
476 3819 627 3891 [spatiosas
646 3820 686 3890 L]
762 3826 794 3873 27
815 3820 974 3890 turresque]
994 3822 1127 3887 turreque
1145 3825 1165 3871 B
1182 3837 1216 3872 nr.
1227 3838 1273 3888 pr.

577 3949 587 3981 t
