3150 4459
312 418 375 484 176
688 419 719 484 Q.
740 412 854 472 CURTI‘
868 418 954 472 RUFI
976 413 978 417 ⁴

258 600 290 649 18
310 605 395 667 rum,
424 605 445 647 a
476 605 540 666 quo
568 583 828 648 introduceretur
855 582 897 645 ad
924 604 1041 667 regem.
1088 580 1187 644 Forte
1219 582 1336 646 ceteris

311 673 450 736 dimissis
473 694 557 736 unus
580 670 736 755 Philotas,
759 671 981 735 Parmenionis
1005 671 1091 734 filius
1112 708 1153 716 -
1174 672 1336 735 incertum

310 784 407 846 quam
431 761 472 825 ob
496 783 625 825 causam
648 799 692 807 -
716 762 905 827 substiterat
928 761 961 824 in
985 762 1087 845 regia:
1110 758 1188 824 huic
1211 758 1337 823 Cebali-

309 872 370 915 nus
399 873 454 916 ore
478 851 611 915 confuso
640 872 776 936 maguae
799 849 1054 934 perturbationis
1082 853 1175 913 notas
1198 872 1277 932 prae
1302 870 1336 913 se

309 940 415 1005 ferens
439 939 556 1023 aperit,
588 962 670 1023 quae
693 960 733 1002 ex
755 940 855 1004 fratre
879 943 1084 1023 conpererat,
1107 941 1140 1002 et
1163 937 1232 1002 sine
1256 939 1336 1003 dila·
1363 962 1374 1000 5

258 1047 291 1094 19
309 1030 399 1095 tione
422 1029 566 1093 nuntiari
589 1030 659 1114 regi
681 1029 780 1093 iubet.
819 1027 964 1093 Philotas
984 1028 1176 1092 conlaudato
1200 1049 1238 1091 eo
1262 1051 1336 1112 pro-

310 1120 397 1183 tinus
420 1119 520 1183 intrat
543 1118 583 1182 ad
601 1117 822 1182 Alexandrum
846 1117 1012 1200 multoque
1035 1118 1174 1181 invicem
1198 1116 1237 1182 de
1261 1117 1336 1180 aliis

309 1208 405 1271 rebus
430 1229 577 1272 sermone
600 1212 792 1292 consumpto
817 1206 900 1270 nihil
928 1228 1048 1289 eorum,
1068 1228 1148 1289 quae
1173 1228 1212 1269 ex
1237 1204 1337 1270 Ceba·

257 1314 292 1363 20
310 1297 377 1362 lino
402 1301 605 1382 cognoverat,
623 1296 759 1361 nuntiat.
798 1295 865 1360 Sub
889 1317 1052 1379 vesperam
1078 1316 1151 1358 eum
1173 1296 1336 1379 prodeun-

310 1391 376 1452 tem
399 1388 433 1449 in
456 1386 616 1451 vestibulo
640 1386 748 1471 regiae
772 1386 894 1470 excipit
919 1386 1057 1467 iuveniS,
1081 1407 1122 1449 an
1145 1384 1336 1449 mandatum
1351 1407 1376 1446 ro

258 1493 290 1542 21
312 1479 465 1540 executus
496 1475 593 1559 forat,
629 1476 804 1559 requirens.
851 1473 909 1539 Ille
937 1496 1003 1539 nou
1032 1495 1160 1538 vacasse
1191 1475 1335 1537 sermoni

265 1579 275 1613 f
312 1587 369 1629 suo
402 1585 511 1651 regem
545 1569 693 1629 causatus
724 1564 878 1628 discessit.
931 1563 1066 1628 Postero
1091 1563 1142 1627 die
1162 1561 1337 1627 Cebalinus

310 1654 454 1718 venienti
486 1655 520 1717 in
543 1655 665 1740 regiam
688 1657 818 1737 praesto
842 1657 892 1717 est
914 1652 1153 1735 intrantemque
1182 1652 1337 1716 admonet

311 1743 416 1827 pridie
448 1744 703 1808 communicatae
735 1764 809 1806 cum
839 1744 911 1827 ipso
937 1742 992 1805 rei.
1049 1740 1108 1806 ille
1143 1762 1238 1807 curae
1271 1742 1335 1806 sibi

312 1854 380 1919 esse
403 1832 590 1916 respondet:
614 1855 652 1898 ac
674 1854 714 1896 ne
737 1836 809 1897 tum
828 1831 958 1915 quidem
977 1831 1056 1917 regi,
1080 1853 1161 1914 quas
1180 1830 1374 1913 audieratis

258 1921 423 2005 caeperit.
471 1919 628 2006 Coeperat
652 1920 805 1986 Cebalino
830 1943 899 1985 esse
923 1925 1102 2004 suspectus:
1134 1920 1244 2003 itaque
1267 1942 1334 1984 non

312 2012 399 2074 ultra
430 2011 700 2094 interpellandum
730 2014 821 2075 ratus
852 2010 955 2075 nobili
989 2009 1098 2075 iuveni
1133 2047 1173 2056 -
1204 2008 1334 2074 Metron

314 2105 382 2165 erat
405 2101 434 2164 ei
457 2121 575 2164 nomen
598 2138 642 2147 -
666 2122 762 2184 super
790 2100 1073 2164 armamentarium
1096 2100 1218 2182 posito,
1247 2102 1335 2182 quod

260 2209 293 2257 23
313 2188 417 2256 scelus
435 2193 612 2274 pararetur,
635 2189 764 2253 indicat.
783 2187 843 2253 Ille
859 2187 1012 2253 Cebalino
1032 2189 1066 2252 in
1084 2183 1334 2252 armamentario

313 2279 502 2343 abscondito
525 2279 676 2363 protinus
694 2279 763 2363 regi
787 2299 903 2362 corpus
921 2279 1005 2343 forte
1029 2278 1162 2361 curanti,
1186 2277 1264 2361 quid
1288 2278 1335 2342 in·
1350 2301 1375 2339 so

200 2404 202 2407 ·
260 2388 295 2437 24
314 2369 376 2432 dex
408 2367 590 2451 detulisset,
620 2368 771 2433 ostendit.
831 2366 901 2432 Rex
934 2368 974 2431 ad
1011 2367 1385 2451 conprehendendum?

313 2456 480 2539 Dymnum
503 2458 610 2522 missis
634 2457 830 2522 satellitibus
849 2457 1130 2521 armamentarium
1155 2458 1261 2520 intrat.
1286 2455 1336 2521 lbi

315 2545 486 2611 Cebalinus
501 2547 619 2632 gaudio
639 2547 755 2611 elatus:
781 2545 905 2611 ‘Habeo
920 2546 974 2628 te',
992 2546 1108 2629 inquit,
1128 2545 1335 2611 ‘incolumem

261 2656 294 2705 25
314 2658 353 2699 ex
376 2636 538 2720 inpiorum
567 2636 715 2700 manibus
745 2636 914 2719 ereptum'.
972 2634 1185 2699 Percontatus
1222 2635 1336 2700 deinde

313 2725 506 2808 Alexander,
532 2748 612 2809 quae
636 2724 798 2789 noscenda
821 2728 921 2808 erant,
945 2724 1056 2790 ordine
1080 2727 1195 2790 cuncta
1218 2746 1335 2811 cogno·
1352 2755 1375 2793 is

315 2815 384 2880 scit.
434 2813 623 2899 Rursusque
650 2815 772 2880 institit
802 2835 969 2897 quaerere,
995 2816 1114 2897 quotus
1143 2813 1209 2879 dies
1241 2819 1336 2897 esset,

261 2924 295 2973 26
314 2927 354 2969 ex
378 2925 442 2989 quo
456 2903 674 2969 Nicomachus
698 2904 827 2968 adeum
852 2903 1020 2968 detulisset
1040 2903 1202 2968 indicium.
1226 2903 1336 2987 Atque

389 3106 441 3153 lc
464 3115 519 3166 quo
538 3100 705 3153 Frobecius:
736 3113 793 3165 quo
812 3104 843 3165 c,
865 3113 915 3151 om.
934 3103 955 3148 P
973 3115 1007 3150 m.
1024 3114 1068 3164 pr.
1161 3096 1335 3170 2Philotas]

314 3170 448 3239 phylotas
466 3175 521 3223 BP.
576 3168 781 3240 Parmenionis]
801 3168 1009 3237 parmoenionis
1024 3172 1076 3221 BP.
1136 3172 1151 3219 3
1171 3168 1337 3222 substiterat

315 3243 423 3296 Lacer:
444 3241 611 3295 subsisterat
624 3247 653 3309 P,
672 3239 838 3294 subsisteret
852 3246 878 3292 c.
952 3237 1114 3310 Cebalinus]
1134 3237 1290 3293 caballinus
1307 3246 1335 3293 P,

316 3319 332 3366 ὅ
342 3313 529 3384 conpererat]
540 3314 719 3381 compereant
727 3317 748 3363 P
757 3328 792 3364 m.
801 3328 844 3379 pr.
907 3310 979 3382 sine]
990 3311 1044 3365 fine
1053 3316 1074 3362 P
1084 3328 1118 3364 m.
1124 3327 1170 3379 pr.
1235 3317 1251 3362 6
1265 3329 1336 3365 uun-

316 3384 393 3455 tiari]
409 3384 537 3438 nunciari
551 3389 607 3437 Π.
663 3382 802 3454 Philotas]
816 3382 949 3451 phylotas
964 3389 989 3435 c.
1046 3382 1205 3453 9nuntiat]
1221 3383 1337 3437 nunciat

315 3461 367 3508 LV·
419 3460 452 3509 10
463 3456 662 3526 an]aPm.pr.
710 3454 967 3522 13inom.vm.pr.
1016 3453 1337 3525 15audierat]audieret

315 3533 336 3579 P
349 3545 383 3580 m.
395 3545 440 3595 pr.
498 3533 530 3580 18
545 3525 804 3597 armamentarium]
821 3525 1022 3579 armentarium
1037 3531 1058 3577 P
1071 3542 1106 3578 m.
1116 3542 1162 3594 pr.
1218 3530 1253 3578 20
1268 3526 1337 3594 quid

316 3598 412 3669 index]
423 3597 508 3665 quide
518 3598 603 3651 index
612 3603 640 3650 Β.
692 3603 726 3650 22
736 3597 890 3667 Dymnum]
902 3596 1102 3651 dimnuum.
1109 3615 1154 3665 pr.
1164 3601 1195 3649 V.
1246 3614 1336 3650 arma-

316 3670 496 3738 mentarium]
511 3671 748 3723 armamentorum
762 3674 789 3722 L.
846 3674 880 3721 23
897 3668 1003 3739 inquit]
1017 3668 1118 3736 inquid
1131 3674 1177 3719 FP
1191 3686 1225 3722 aaz.
1236 3687 1282 3737 pr.

316 3741 497 3812 incolumem]
508 3740 676 3795 incolomem
685 3747 715 3809 P,
724 3738 885 3793 incolumen
892 3744 923 3793 V.
980 3744 1013 3793 27
1029 3739 1230 3811 Nicomachus]
1240 3739 1336 3794 nicho-

315 3813 432 3866 machus
451 3819 476 3865 c.
550 3812 698 3883 indicium]
718 3811 853 3865 inditium
870 3816 899 3878 P,
918 3811 1080 3864 incendium
1099 3816 1167 3865 Bm.
1178 3828 1223 3879 pr.
