3150 4459
320 426 386 491 336
701 425 734 492 o.
753 426 864 481 cuam
880 425 967 481 nuri

270 604 272 607 ’
320 593 414 673 cepta
447 589 593 655 condicio
627 594 684 654 est.
730 589 779 655 Ac
811 595 942 674 postero
961 589 1023 653 die
1046 611 1120 673 rex,
1157 611 1241 655 oum
1268 592 1352 655 etiam

320 679 426 743 acrius
449 682 610 743 certamen
634 683 852 763 exposcerent,
885 681 962 764 quia
985 678 1150 743 deterrere
1175 696 1253 744 11011
1277 684 1354 764 pote·

267 784 301 832 19
322 772 384 850 rat,
411 768 571 834 destinata
599 769 712 852 exequi
736 789 851 852 passus
876 772 932 833 est.
978 766 1098 854 Ingens
1125 767 1178 832 vis
1207 768 1354 849 militum,

320 857 406 921 inter
429 880 509 941 quos
534 862 625 920 erant
649 855 770 941 Graeci,
794 857 961 941 Dioxippo
985 856 1171 921 studebant.
1225 857 1353 923 Macedo

320 946 407 1010 iusta
443 969 531 1010 arma
568 951 763 1030 sumpserat,
808 968 937 1011 aereum
975 946 1117 1029 clipeum
1157 945 1378 1031 hastamquer

321 1073 363 1081 —
388 1035 521 1099 sarisam
554 1040 671 1100 vocant
695 1074 737 1082 —
760 1037 852 1099 laeva
879 1040 1007 1118 tenens,
1039 1034 1175 1099 dextera
1209 1035 1354 1101 lanceam

321 1125 494 1210 gladioque
518 1126 651 1208 cinctus,
675 1124 763 1189 velut
787 1124 1034 1208 cumpluribus
1058 1124 1159 1187 simul
1184 1124 1355 1190 dimicatu-

265 1224 301 1278 20
319 1235 391 1277 rus:
414 1213 599 1297 Dioxippus
632 1215 703 1277 oleo
736 1215 843 1278 nitens
876 1218 909 1279 et
941 1216 1113 1278 coronatus
1143 1212 1246 1279 laeva
1268 1215 1356 1299 puni·

320 1323 411 1367 ceum
436 1303 624 1386 amiculum,
652 1304 764 1366 dextra
787 1302 931 1368 validum
953 1302 1180 1385 nodosumque
1208 1305 1356 1389 stipitem

320 1392 530 1475 praeferebat.
568 1391 617 1454 Ea
640 1392 712 1475 ipsa
735 1414 786 1455 res
811 1393 956 1456 omnium
978 1392 1103 1456 animos
1123 1393 1356 1475 expectatione
1366 1420 1381 1458 0

321 1480 545 1563 suspenderat:
569 1482 689 1564 quippe
713 1485 838 1545 armato
862 1481 1015 1567 congredi
1033 1479 1159 1543 nudum
1179 1480 1357 1567 dementia,

266 1587 387 1633 2111011
409 1570 573 1633 temeritas
597 1569 777 1634 videbatur.
822 1568 930 1655 igitur
952 1569 1095 1652 Macedo,
1118 1569 1213 1635 haud
1240 1572 1356 1637 dubius

320 1658 447 1723 eminus
471 1658 607 1723 interfici
632 1680 736 1743 posse,
759 1658 904 1724 lanceam
929 1659 1045 1723 emisit.
1089 1656 1198 1733 Quam
1222 1659 1357 1745 Dioxip·

320 1770 381 1832 pus
414 1769 487 1811 cum
521 1748 638 1833 exigua
668 1750 813 1832 corporis
843 1748 1057 1813 declinatione
1080 1747 1237 1833 vitasset,
1273 1756 1357 1815 antc-

321 1857 417 1919 quam
450 1838 506 1901 ille
535 1836 662 1900 hastam
696 1838 885 1901 transferret
908 1838 943 1901 in
966 1837 1126 1920 dextram,
1161 1837 1306 1905 adsiluit
1329 1844 1383 1904 ets

266 1941 301 1989 22
320 1924 432 2008 stipite
460 1926 598 1989 mediam
628 1948 697 1990 eam
720 1927 828 2012 fregit.
874 1925 1004 1990 Amisso
1028 1929 1168 2009 utroque
1192 1929 1268 1993 telo
1293 1928 1358 1993 Ma·

321 2014 399 2078 cedo
424 2014 567 2099 gladium
592 2019 742 2099 coeperat
766 2016 935 2100 stringere,
959 2036 1030 2079 cum
1056 2019 1262 2098 occupatum
1286 2041 1357 2084 con-

320 2104 419 2186 plexu
441 2104 577 2187 pedibus
602 2109 732 2187 repente
754 2104 923 2168 subductis
941 2104 1126 2187 Dioxippus
1145 2105 1309 2172 arietavit
1327 2108 1358 2172 in

320 2195 439 2255 terram
463 2196 639 2276 ereptoque
663 2193 771 2279 gladio
797 2194 911 2276 pedem
935 2216 1032 2277 super
1053 2192 1213 2257 cervicem
1237 2195 1358 2262 iacenti

321 2279 467 2363 inposuit
496 2282 642 2365 stipitem
667 2284 831 2347 intentans
855 2282 1057 2366 elisurusque
1080 2304 1118 2345 eo
1142 2283 1293 2370 victum,
1326 2286 1385 2349 nis

267 2385 301 2434 23
321 2369 506 2452 prohibitus
530 2375 615 2434 esset
638 2394 657 2433 a
675 2393 758 2457 rege.
797 2371 914 2436 Tristis
934 2371 1110 2455 spectaculi
1129 2377 1274 2439 eventus
1293 2397 1359 2439 non

320 2458 550 2523 Macedonibus
574 2459 680 2543 modo,
704 2461 879 2525 sedetiam
904 2460 1087 2525 Alexandro
1112 2460 1185 2544 fuit,
1209 2464 1358 2529 maxime

321 2549 397 2629 qnia
419 2548 549 2611 barbari
572 2549 755 2613 adfuerant:
780 2551 900 2633 quippe
920 2551 1114 2614 celebratam
1133 2548 1358 2618 Macedonum

267 2652 302 2701 21
320 2635 543 2700 fortitudinem
568 2638 609 2700 ad
631 2638 809 2702 ludibrium
837 2639 988 2704 recidisse
1012 2637 1216 2721 querebatur.
1271 2642 1359 2708 Hinc

322 2725 362 2789 ad
393 2727 649 2791 criminationem
681 2727 865 2791 invidorum
891 2728 1061 2811 adapertae
1085 2731 1160 2791 sunt
1183 2732 1280 2815 regis
1305 2755 1387 2797 au-rr

321 2836 380 2877 res.
427 2815 471 2878 nt
499 2820 575 2899 post
602 2838 724 2899 paucos
753 2817 820 2879 dies
850 2817 935 2881 inter
958 2818 1069 2900 epulas
1093 2838 1227 2880 aureum
1254 2842 1359 2904 pocu-

320 2904 389 2967 lum
414 2925 452 2966 ex
476 2905 646 2988 conposito
671 2905 876 2989 subducitur,
907 2906 1126 2989 ministrique,
1154 2907 1252 2988 quasi
1279 2912 1359 2975 ami·

267 3008 301 3057 26
321 2992 449 3076 sissent,
463 2993 550 3076 quod
565 2999 760 3078 amoverant,
775 3016 883 3079 regem
900 2995 1027 3058 adeunt.
1058 2993 1162 3076 Saepe
1177 2994 1293 3062 minus
1309 3005 1360 3064 est

395 3175 408 3220 1
430 3168 558 3222 condicio
573 3176 601 3221 1:
622 3169 747 3222 conditio
766 3175 798 3223 Δ.
855 3176 870 3221 2
890 3169 1042 3241 deterrere]
1063 3170 1172 3225 deterre
1187 3175 1218 3221 v.
1283 3175 1360 3228 3vis

322 3241 444 3308 Ieepius:
463 3239 511 3292 hic
531 3246 560 3293 Α.
660 3242 820 3311 5221211111]
840 3241 955 3295 hereum
974 3248 1002 3296 P.
1101 3240 1360 3315 clipeum1:cly-

321 3326 407 3378 peum
427 3316 456 3364 A.
529 3311 696 3379 hastamque
718 3313 857 3366 Gertsias:
882 3312 995 3367 hastam
1015 3330 1100 3380 quam
1118 3317 1149 3365 Δ.
1225 3317 1349 3372 ”lvelut

321 3381 407 3435 uelud
427 3386 497 3436 Bm,
508 3401 553 3451 pr.
656 3400 719 3436 cum
737 3382 879 3455 pluribus]
899 3383 1092 3453 compluribus
1110 3388 1139 3437 P.
1237 3388 1347 3442 80120

322 3452 386 3506 olen
401 3458 464 3505 Pm.
474 3472 516 3522 pr.
561 3460 594 3507 10
609 3454 682 3525 ipsa]
698 3472 749 3508 om.
759 3459 779 3506 1³
789 3473 824 3507 m.
831 3473 876 3524 pr.
925 3462 955 3507 11
974 3454 1109 3526 congredi
1123 3459 1149 3507 1:
1169 3459 1310 3512 concredi
1324 3466 1358 3515 Δ.

218 3561 221 3567 «
324 3530 356 3577 14
377 3523 578 3596 declinatione]
599 3525 796 3594 declynatione
815 3533 842 3579 Ι..
955 3533 987 3579 16
1009 3526 1129 3597 Amisso]
1154 3525 1246 3579 amiso
1268 3534 1299 3584 Ρ.

321 3595 451 3666 Macedo]
471 3597 608 3649 maceddo
627 3603 657 3650 v.
722 3602 754 3649 17
774 3614 837 3650 cum
858 3599 1012 3652 Bentler'us:
1033 3614 1117 3666 quem
1135 3601 1166 3649 Δ.
1229 3603 1265 3651 18
1288 3604 1359 3657 sub-

323 3666 426 3736 ductis]
447 3666 601 3721 subductus
620 3674 650 3722 v.
714 3673 747 3720 23
768 3669 846 3739 quia]
866 3669 915 3737 qui
935 3670 971 3722 ad
991 3675 1020 3721 v.
1084 3674 1119 3721 24
1138 3667 1358 3746 fortitudinem]

321 3737 463 3791 fortunam
477 3744 497 3789 P
511 3757 545 3792 m.
557 3757 601 3807 pr.
655 3739 828 3807 querebatur
844 3742 957 3795 Meiser:
974 3740 1126 3793 uerebatur
1140 3744 1170 3792 Δ.
1224 3746 1260 3794 22
1276 3746 1359 3816 regis

323 3825 403 3862 aures
418 3816 450 3863 P:
470 3826 551 3863 aures
570 3810 645 3879 regis
660 3817 685 3864 c.
742 3816 775 3865 28
792 3811 965 3881 amoverant]
985 3813 1180 3865 ammouerant
1198 3816 1230 3865 V.
