3150 4459
317 461 383 527 362
695 459 727 525 Q.
746 458 855 515 CURTI
873 459 960 513 RUFI

280 625 404 709 equod
434 625 472 688 de
502 624 553 689 his
584 624 705 688 credidi
734 623 846 687 famae.
892 621 955 687 Sed
983 623 1025 686 ad
1047 624 1104 688 illa
1126 623 1192 689 hoc
1217 631 1381 711 quoque

318 715 464 797 accessit,
497 714 584 797 quod
610 712 704 778 video
727 713 829 777 fortes
851 713 938 777 viros
961 735 1038 798 erga
1060 733 1153 798 reges
1178 735 1262 779 suos
1287 716 1353 800 pie

281 805 393 868 etatis
417 803 564 868 invictae.
610 800 703 866 Luxu
730 802 819 867 omni
843 802 942 867 fluere
966 800 1163 867 credideram
1187 806 1222 867 et
1248 806 1354 869 nimia

314 893 472 957 felicitate
495 892 598 976 mergi
621 892 656 955 in
680 890 876 973 voluptates:
905 894 946 974 at,
969 890 1125 974 hercules,
1149 892 1269 956 munia
1293 893 1353 957 mi-

315 982 405 1047 litiae
423 981 486 1045 hoo
505 982 685 1045 animorum
705 1001 941 1064 corporumque
959 979 1075 1045 robore
1093 1002 1195 1063 aeque
1215 983 1353 1069 inpigre
1375 1012 1385 1052 r

316 1071 462 1135 toleratis
494 1073 541 1153 et,
572 1091 646 1134 cum
679 1070 779 1133 fortes
812 1070 875 1133 viri
905 1069 989 1149 sitis,
1021 1091 1086 1134 non
1114 1069 1352 1136 fortitudinem

263 1175 297 1224 10
315 1160 419 1244 magis
450 1182 546 1242 quam
576 1159 673 1222 fidem
703 1158 818 1223 colitis.
865 1158 938 1222 Hoc
970 1180 1030 1244 ego
1059 1179 1135 1222 vero
1163 1181 1256 1223 nunc
1285 1162 1353 1245 pri-

316 1271 404 1313 mum
432 1249 599 1333 profiteor,
632 1247 688 1312 sed
716 1247 794 1311 olim
823 1247 899 1311 scio.
944 1246 1057 1330 ltaque
1088 1251 1120 1311 et
1144 1248 1309 1314 dilectum
1334 1272 1352 1313 e

316 1339 409 1402 vobis
434 1340 595 1403 iuniorum
617 1336 718 1400 habui
741 1341 773 1400 et
796 1358 854 1401 vos
877 1358 1022 1402 meorum
1045 1336 1187 1400 militum
1212 1340 1351 1423 corpori

315 1427 476 1492 inmiscui.
521 1425 609 1489 Idem
634 1425 778 1508 habitus,
810 1426 920 1489 eadem
944 1449 1033 1490 arma
1056 1429 1132 1489 sunt
1154 1425 1268 1491 vobis:
1294 1429 1386 1498 cb-1l

317 1518 465 1599 sequium
496 1538 571 1581 vero
603 1519 635 1578 et
663 1515 821 1598 patientia
850 1515 978 1600 imperii
1006 1516 1102 1600 longo
1125 1518 1351 1599 praestantior

264 1621 295 1668 11
317 1610 366 1670 est
396 1627 492 1689 quam
523 1605 646 1669 ceteris.
699 1604 788 1689 Ergo
820 1605 888 1687 ipse
919 1603 1070 1688 Oxyartis
1094 1603 1210 1669 Persae
1243 1606 1349 1671 filiam

316 1716 442 1759 meeum
467 1694 529 1778 [in]
554 1694 761 1758 matrimonio
785 1693 877 1757 iunxi
900 1715 967 1757 uon
990 1693 1182 1777 dedignatus
1206 1715 1249 1759 ex
1275 1718 1350 1781 cap·

264 1798 298 1846 12
317 1785 384 1848 tiva
406 1784 527 1848 liberos
551 1786 673 1848 tollere.
719 1782 798 1847 Mox
822 1783 935 1846 deinde
960 1782 1190 1865 cum-stirpem
1214 1787 1349 1869 generis

316 1874 380 1936 mei
398 1872 496 1937 latius
514 1894 694 1957 propagare
709 1893 868 1957 cuperem,
887 1893 1019 1944 uxorem
1034 1871 1130 1935 Darei
1144 1871 1250 1937 ffliam
1270 1876 1349 1940 duxi
1363 1903 1383 1944 u

316 1962 537 2047 proximisque
556 1963 731 2027 amicorum
752 1965 866 2026 auctor
884 1961 931 2024 fui
951 1984 990 2024 ex
1010 1962 1146 2044 captivis
1164 1964 1349 2046 generandi

316 2051 448 2132 liberos,
480 2055 518 2115 ut
540 2050 603 2115 hoc
626 2072 717 2114 sacro
740 2051 869 2134 foedere
892 2072 987 2115 omne
1011 2050 1183 2116 discrimen
1207 2052 1294 2118 victi
1317 2056 1349 2117 et

265 2154 298 2202 13
318 2140 449 2205 victoris
477 2140 687 2204 excluderem.
745 2138 884 2203 Proinde
912 2140 1039 2223 genitos
1067 2160 1136 2204 esse
1165 2162 1224 2204 vos
1255 2143 1348 2227 mihi,

317 2252 383 2293 non
413 2232 532 2294 ascitos
561 2230 680 2292 milites
712 2228 844 2294 creditel
882 2228 978 2293 Asiae
1007 2233 1039 2293 et
1061 2227 1213 2312 Europae
1242 2254 1347 2295 unum

317 2327 413 2402 atque
447 2319 530 2383 idem
560 2340 695 2403 regnum
727 2322 787 2400 est,
820 2318 1033 2383 Macedonum
1063 2318 1155 2382 vobis
1178 2339 1272 2383 arma
1297 2321 1380 2405 d0,u

316 2409 492 2472 inveteravi
516 2406 933 2491 peregrinammovitatem:
957 2411 990 2471 et
1013 2408 1098 2470 cives
1121 2406 1185 2470 mei
1210 2410 1293 2473 estis
1316 2415 1347 2473 et

264 2511 298 2558 14
316 2497 444 2561 milites
499 2494 614 2560 Omnia
644 2496 781 2560 eundem
811 2498 934 2562 ducunt
963 2496 1117 2562 colorem:
1147 2517 1207 2559 nec
1235 2496 1345 2564 Persis

316 2585 529 2651 Macedonum
557 2607 678 2649 morem
708 2586 898 2649 adumbrare
926 2607 984 2649 uec
1011 2585 1244 2649 Macedonibus
1271 2587 1344 2652 Per-

317 2697 368 2739 sas
392 2676 513 2739 imitari
536 2675 733 2739 indecorum.
771 2674 925 2739 Eiusdem
950 2676 1028 2739 iuris
1047 2696 1115 2738 esse
1134 2674 1263 2759 debent,
1289 2678 1345 2761 qui

317 2766 376 2829 sub
401 2765 513 2828 eodem
536 2786 611 2849 rege
634 2764 753 2828 victuri
776 2765 872 2828 sunt'
1356 2791 1378 2833 u

383 2854 457 2917 Har
485 2856 625 2918 oratioue
653 2853 761 2917 tabita
784 2853 894 2918 Persis
923 2854 1061 2934 romaric
1089 2856 1140 2917 sui
1167 2856 1343 2920 custodiam

316 2944 457 3022 credidit,
482 2942 599 3007 Persas
620 2943 775 3021 satellites,
800 2942 917 3008 Persas
939 2944 1135 3024 apparitores
1155 2944 1237 3024 ferit.
1281 2944 1344 3009 Per

389 3136 501 3188 3omni
519 3138 629 3206 scripsi:
650 3137 744 3190 omnia
762 3141 793 3189 Δ.
848 3135 946 3206 fluere]
965 3135 1043 3190 fuere
1062 3142 1132 3189 Lm.
1142 3153 1188 3205 pr.
1253 3144 1271 3189 4
1292 3138 1343 3191 mi>-

265 3253 270 3260 .
317 3206 410 3277 litiae]
435 3207 559 3261 miliciae
584 3213 630 3260 ΕΙ.
653 3225 688 3261 ra.
707 3226 749 3275 pr.
829 3213 844 3261 5
873 3207 972 3261 robore
996 3207 1171 3263 Francicus:
1200 3208 1286 3262 robor
1311 3215 1341 3262 Δ.

319 3283 405 3346 lego
424 3284 451 3331 1:
471 3294 537 3347 ergo
557 3284 588 3332 Δ.
668 3285 682 3331 7
709 3296 773 3332 vero
792 3280 903 3347 scripsi:
929 3296 986 3332 non
1005 3283 1035 3330 Δ.
1128 3285 1160 3332 11
1187 3278 1342 3353 patientia]

316 3350 459 3418 pacientia
477 3355 506 3403 F.
556 3351 746 3419 praestantior
760 3352 805 3404 est
818 3355 839 3402 B
853 3368 888 3403 m.
902 3367 965 3404 sea:
985 3350 1192 3418 praestantiore
1206 3355 1230 3402 Δ
1249 3351 1343 3422 [prae-

316 3422 439 3475 tautiore
457 3422 498 3492 1³}
556 3428 588 3475 12
613 3421 744 3490 Oxyartis
763 3422 867 3477 Aldus:
888 3421 1003 3475 oxiratis
1022 3427 1054 3475 Δ.
1116 3426 1149 3475 13
1173 3422 1228 3493 [in]
1247 3424 1342 3478 deleri.

317 3492 407 3563 iunxi]
426 3492 521 3545 innexi
540 3499 570 3547 v.
638 3500 670 3546 16
689 3494 743 3564 fui]
762 3492 818 3545 fuit
836 3499 905 3547 Fra.
917 3511 972 3561 pr,
991 3492 1036 3545 fut
1053 3498 1073 3545 1.
1093 3510 1182 3562 rrapr.
1244 3498 1279 3548 20
1299 3498 1343 3549 at

316 3565 384 3635 que]
404 3565 497 3630 adque
515 3570 543 3617 L.
631 3571 664 3618 22
694 3564 812 3635 ducunt]
833 3564 931 3618 dicunt
949 3570 970 3617 B
988 3582 1022 3619 ra.
1033 3583 1079 3634 pr.
1171 3570 1205 3616 23
1234 3582 1342 3621 morem

322 3635 498 3689 Viadeiiaas:
523 3653 599 3691 more
618 3642 648 3690 Δ.
732 3641 766 3689 25
794 3635 897 3689 victuri
921 3637 998 3707 sunt]
1022 3638 1103 3691 cerba
1124 3644 1343 3704 quaererentur

316 3724 401 3774 usqae
419 3710 457 3759 aa
475 3708 589 3761 iaitiam
606 3710 706 3777 capitis
725 3710 819 3775 quarti
838 3709 902 3763 add.
918 3709 1085 3763 Frobenias:
1105 3710 1172 3762 iat
1192 3710 1343 3764 admodum

316 3796 448 3901 propriam
471 3781 593 3845 spatium
616 3797 734 3833 ramum
756 3780 881 3833 relictam
905 3786 944 3834 est
966 3785 991 3833 et
1014 3796 1081 3833 aser.
1106 3780 1138 3833 ia
1160 3783 1206 3831 131.
1230 3798 1249 3833 a
1271 3797 1341 3836 corr.

337 3850 383 3903 inc
403 3851 490 3903 deest.
542 3860 544 3862 ’
1305 3855 1307 3859 “
