3150 4459
308 456 371 521 138
677 456 719 545 ¹Q.
740 456 849 513 GURTI
866 457 953 511 RUFI

253 624 465 686 maceratum
497 620 609 685 inituri
642 621 822 686 consilium.
877 619 1058 685 Artabazus
1089 619 1331 685 convenientem

305 709 466 794 praesenti
498 710 647 775 fortunae
679 710 872 774 sententiam
903 732 994 774 orsus
1017 710 1166 795 mitigare
1190 708 1331 773 Dareum

305 803 487 882 temporum
524 799 698 864 identidem
731 799 906 863 admonens
938 800 1056 882 coepit:
1093 799 1192 863 ferret
1228 820 1331 882 aequo

306 889 414 953 animo
445 888 740 973 qualiumcumque,
773 910 904 952 suorum
938 893 1046 952 tamen
1076 890 1127 952 vel
1159 888 1330 952 stultitiam

307 979 358 1041 vel
377 998 526 1043 errorem.
559 976 684 1041 Instare
703 977 767 1043 iam
786 978 816 1041 ei
830 976 1059 1061 Alexandrum,
1079 999 1218 1063 gravem,
1234 978 1331 1040 etiam
1360 1004 1373 1043 s

306 1065 335 1130 si
367 1087 479 1131 omnes
511 1070 640 1151 praesto
673 1070 792 1132 essent:
826 1067 904 1149 quid
929 1066 1088 1150 futurum,
1122 1067 1149 1130 si
1171 1067 1332 1151 persecuti

254 1171 287 1219 13
305 1154 416 1241 lugam
448 1156 551 1240 ipsius
583 1155 784 1221 alienentur?
834 1155 940 1241 Aegre
971 1156 1082 1240 paruit
1104 1154 1266 1219 Artabazo
1292 1159 1332 1238 et,

307 1266 503 1329 quamquam
521 1266 649 1309 movere
668 1250 773 1310 castra
792 1248 959 1326 statuerat,
981 1245 1120 1310 turbatis
1138 1249 1245 1309 tamen
1266 1265 1332 1309 om-

305 1335 397 1398 nium
430 1334 547 1398 animis
580 1334 691 1399 eodem
720 1335 754 1418 in
783 1336 856 1399 loco
884 1334 1039 1399 substitit.
1087 1333 1150 1398 Sed
1173 1334 1332 1398 attonitus

306 1422 469 1488 maestitia
491 1425 589 1488 simul
612 1427 644 1487 et
666 1423 889 1508 desperatione
913 1423 1119 1488 tabernaculo
1139 1445 1172 1488 se
1191 1424 1332 1489 inclusit.
1348 1451 1374 1490 ro

255 1526 289 1576 14
307 1510 395 1598 Ergo
419 1513 454 1577 in
477 1513 601 1597 castris,
625 1535 706 1598 quae
729 1515 851 1578 nullius
869 1514 1064 1600 regebantur
1082 1515 1228 1597 imperio,
1250 1513 1332 1576 varii

307 1602 490 1665 animorum
514 1606 623 1667 motus
645 1606 747 1686 erant,
768 1624 829 1667 nec
851 1602 886 1667 in
909 1623 1078 1667 commune
1100 1607 1138 1667 ut
1161 1607 1235 1667 ante
1258 1624 1333 1667 oon-

254 1705 288 1755 16
307 1691 480 1756 sulebatur.
526 1690 602 1757 Dux
626 1690 820 1757 Graecorum
843 1692 994 1775 militum,
1016 1691 1147 1774 Patron,
1171 1713 1259 1756 arma
1283 1713 1331 1755 ca-

307 1802 383 1865 pere
416 1801 491 1844 suos
524 1779 615 1846 iubet
643 1786 840 1865 paratosque
872 1803 941 1856 esse
964 1782 1005 1845 ad
1028 1782 1251 1864 exequendum
1275 1781 1332 1845 im·

254 1885 289 1933 16
307 1871 441 1953 perium.
496 1869 612 1934 Persae
644 1874 856 1936 secesserant:
892 1870 1010 1935 Bessus
1044 1891 1117 1936 oum
1150 1870 1331 1934 Bactrianis
1348 1898 1373 1937 15

308 1963 377 2024 erat
400 1959 645 2044 temptabatque
667 1959 781 2025 Persas
805 1960 971 2044 abducere,
994 1960 1111 2024 Bactra
1137 1964 1170 2024 et
1191 1961 1333 2025 intactae

308 2049 450 2134 regionis
475 2051 628 2133 opulenta
651 2050 820 2133 simulque,
844 2071 926 2133 quae
947 2049 1153 2114 manentibus
1172 2048 1333 2113 instarent

308 2139 460 2221 pericula,
484 2143 658 2204 ostentans.
695 2138 866 2204 Persarum
890 2138 1035 2203 omnium
1055 2138 1165 2203 eadem
1184 2139 1251 2203 fere
1270 2138 1333 2202 fuit

256 2241 289 2291 17
308 2248 387 2311 vox,
419 2228 510 2292 nefas
542 2250 611 2293 esse
644 2228 747 2293 deseri
774 2249 892 2313 regem.
938 2226 1027 2293 Inter
1048 2228 1127 2292 haec
1150 2226 1332 2292 Artabazus

309 2316 459 2381 omnibus
477 2318 694 2402 imperatoriis
712 2318 909 2403 fungebatur
932 2317 1061 2382 officiis:
1085 2318 1141 2381 ille
1158 2316 1332 2381 Persarum
1348 2344 1374 2382 ao

308 2406 515 2471 tabernacula
540 2407 723 2492 circumire,
743 2406 883 2488 hortari,
904 2428 1039 2470 monere
1064 2427 1151 2469 nunc
1176 2407 1333 2492 singulos,

308 2516 395 2559 nunc
417 2495 585 2560 universos
608 2518 674 2561 non
697 2500 772 2560 ante
796 2496 931 2580 destitit,
955 2517 1051 2580 quam
1071 2496 1149 2561 satis
1169 2500 1333 2560 constaret

308 2585 466 2668 imperata
488 2585 639 2649 facturos.
684 2584 774 2650 Idem
799 2606 893 2669 aegre
916 2608 935 2649 a
957 2584 1063 2649 Dareo
1088 2585 1271 2668 inpetravit,
1295 2590 1332 2649 ut

309 2673 418 2738 cibum
441 2679 570 2758 caperet
591 2675 798 2757 animumque
821 2675 918 2738 rebus
942 2674 1129 2739 adverteret.

269 2767 296 2822 X
377 2762 422 2827 At
454 2763 572 2829 Bessus
609 2767 642 2828 et
672 2762 880 2828 Nabarzanes
917 2764 996 2827 olim
1035 2765 1193 2849 agitatum
1227 2766 1333 2828 soelus
1348 2767 1387 2823 28

310 2852 425 2936 exequi
449 2856 596 2917 statuunt
619 2854 712 2939 regni
735 2854 912 2936 cupiditate
936 2852 1075 2918 accensi:
1099 2852 1203 2916 Dareo
1224 2857 1373 2917 autemst

273 2958 290 3005 a
309 2941 464 3007 incolumi
487 2946 594 3007 tantas
618 2964 696 3026 opes
720 2965 848 3027 sperare
870 2964 937 3006 non
954 2945 1113 3026 poterant.
1152 2940 1278 3025 Quippe
1298 2942 1333 3005 in

309 3030 375 3095 illis
408 3032 559 3117 gentibus
592 3053 705 3117 regum
736 3032 854 3096 eximia
883 3032 1033 3096 maiestas
1056 3035 1117 3096 est:
1151 3030 1191 3093 ad
1214 3036 1351 3096 nomen

310 3142 439 3204 quoque
461 3121 591 3186 barbari
614 3122 819 3203 conveniunt,
847 3125 880 3185 et
902 3121 1057 3204 pristinae
1080 3120 1245 3184 veneratio
1268 3120 1333 3184 for-

274 3226 290 3275 3
309 3214 406 3274 tunae
425 3211 571 3294 sequitur
589 3211 764 3275 adversam.
801 3208 941 3274 Inflabat
961 3210 1067 3292 inpios
1086 3209 1211 3274 animos
1232 3210 1334 3295 regio,
1347 3233 1374 3273 so

383 3427 398 3473 3
418 3422 523 3493 coepit]
544 3422 620 3490 cepit
638 3427 658 3473 P
673 3440 706 3476 m.
717 3440 763 3491 pr.
819 3427 836 3473 4
856 3420 1115 3501 qualiumcumque]
1135 3419 1333 3488 qualiumquo-

311 3509 366 3560 que
380 3498 400 3543 P
413 3512 448 3548 m.
461 3511 504 3562 pr.
566 3493 646 3547 trel
664 3494 799 3565 errorem]
812 3508 862 3547 uer
876 3509 997 3547 errorem
1011 3498 1042 3545 V.
1104 3509 1161 3545 1am
1180 3491 1207 3545 ei
1220 3494 1332 3561 scrspsi:

309 3567 407 3618 tamen
426 3570 456 3618 Δ.
517 3571 532 3618 6
552 3565 689 3635 futurum]
709 3565 871 3619 futurumst*
886 3570 914 3618 P.
989 3568 1003 3616 7
1023 3566 1115 3633 Aegre
1134 3564 1295 3617 Acidaliae:
1316 3580 1333 3617 a

310 3651 376 3705 rege
396 3652 430 3689 ea
444 3653 473 3689 re
488 3641 518 3689 A.
585 3643 617 3690 13
637 3637 752 3707 Patron]
768 3638 889 3703 quatron
902 3641 932 3686 V.
995 3640 1028 3688 18
1047 3635 1204 3705 ostentans]
1218 3634 1334 3688 hosten-

310 3708 374 3761 tans
388 3713 419 3762 v.
475 3714 508 3761 22
529 3708 651 3779 destitit]
671 3707 777 3761 distitit
790 3713 818 3759 P.
874 3712 908 3761 23
927 3705 1022 3776 aegre]
1039 3722 1138 3775 aegere
1153 3711 1180 3761 P.
1237 3712 1271 3758 24
1290 3722 1335 3759 re·

311 3779 363 3832 bus
383 3781 550 3835 Frobeaius:
570 3780 645 3849 regis
659 3785 689 3832 A.
746 3784 779 3832 25
799 3778 850 3849 At]
869 3778 906 3832 ad
922 3783 977 3831 LV.
1038 3776 1217 3831 Nabarzanes
1236 3783 1262 3831 1:
1282 3794 1335 3830 na-

304 3850 428 3907 bazanes
442 3856 465 3903 A
482 3851 574 3923 [naua
593 3867 676 3906 zanes
695 3851 739 3923 V]
813 3855 846 3903 26
866 3848 989 3920 accensi]
1009 3848 1127 3903 accessit
1145 3855 1174 3903 P.
