3150 4459
314 428 380 492 216
532 480 534 484 Α
656 425 961 493 ’1111111111
1023 436 1025 441 ’
1105 436 1108 441 “

314 592 395 657 scire
419 612 510 656 servo
534 589 648 656 utilius
671 613 739 657 esse
763 614 876 675 parere
895 592 981 657 dicto
1001 614 1097 675 quam
1121 592 1246 657 adferre
1267 596 1343 659 ¹con-

314 679 433 766 silium,
457 703 531 747 cnm
555 679 639 763 illos,
662 680 719 765 qui
742 685 886 764 pareant,
910 681 994 745 idem
1015 681 1101 764 quod
1125 685 1251 746 ceteros
1273 689 1344 747 'ma-

313 775 404 853 neat,
428 771 484 853 qni
506 791 582 835 vero
607 770 771 852 suadeant,
794 772 962 854 proprium
986 771 1122 835 subeant
1143 771 1343 854 periculum:

274 888 278 896 ⁴
313 859 431 925 Bassus
457 880 526 923 eum
554 859 654 927 dicere
683 860 776 925 iussit
802 860 1007 942 intrepidum,
1043 858 1197 943 poculum
1229 863 1343 943 ctiam,

262 964 295 1011 16
315 948 402 1032 quod
421 947 563 1012 habebat
582 948 616 1011 in
634 971 742 1030 mann,
764 948 905 1013 tradidit.
937 947 1008 1025 Quo
1028 952 1160 1032 accepto
1181 947 1342 1015 Gobares:
1371 976 1382 1013 a

316 1036 474 1121 ‘Natura',
497 1037 614 1121 inquit,
638 1037 837 1102 ‘mortalium
850 1036 913 1102 hoc
932 1059 1061 1121 qnoque
1083 1038 1214 1103 nomine
1236 1061 1344 1123 prava

314 1130 348 1193 et
370 1126 501 1192 sinistra
523 1125 588 1190 dici
614 1130 735 1209 potest,
759 1127 855 1211 quod
887 1128 920 1190 iu
949 1148 1008 1191 suo
1040 1127 1176 1211 quisque
1204 1128 1343 1214 negotio

261 1233 292 1278 11
313 1214 461 1280 hebetior
494 1219 543 1281 est
575 1237 672 1298 quam
700 1214 732 1278 in
763 1215 876 1281 alieno.
923 1215 1066 1281 Turbida
1096 1220 1172 1280 sunt
1203 1217 1344 1281 consilia

314 1326 435 1389 eorum,
454 1304 511 1387 qui
534 1304 597 1371 sibi
620 1303 762 1368 suadent.
796 1302 913 1369 Obstat
931 1310 1046 1390 metus,
1069 1305 1148 1370 alias
1168 1306 1344 1389 cupiditas,

313 1415 556 1477 nonnumquam
575 1392 732 1458 naturalis
746 1414 866 1478 eorum,
881 1416 963 1478 quae
972 1394 1215 1480 excogitaveris,
1234 1417 1343 1459 amor:
1359 1422 1384 1460 ro

313 1505 389 1548 nam
421 1483 456 1548 in
483 1486 516 1546 te
546 1481 698 1567 superbia
724 1504 791 1547 non
819 1483 911 1548 cadit.
958 1482 1121 1567 Expertus
1152 1505 1185 1549 es
1215 1483 1344 1567 utique,

314 1570 402 1656 quod
424 1572 493 1655 ipse
516 1572 711 1654 reppereris,
739 1575 797 1635 aut
821 1574 926 1637 solum
949 1576 1005 1637 aut
1029 1572 1190 1656 optimum
1215 1573 1344 1639 ducere.

262 1677 294 1723 12
313 1660 469 1747 Magnum
493 1682 574 1725 onus
593 1662 734 1726 sustines
748 1661 863 1745 capite,
885 1662 1010 1747 regium
1028 1663 1173 1747 insigne:
1196 1661 1259 1726 hoc
1283 1666 1345 1726 aut

277 1777 279 1781 ’
314 1749 726 1833 moderate-perferendum
751 1755 808 1833 est,
839 1753 904 1833 aut,
935 1750 1022 1834 quod
1046 1751 1224 1833 abominor,
1248 1750 1284 1815 in
1308 1754 1343 1817 te

262 1843 393 1904 131161.
440 1836 594 1923 Consilio,
617 1862 684 1904 non
706 1840 841 1925 impetu,
864 1862 945 1923 opus
970 1840 1037 1903 est’
1080 1838 1191 1904 Adicit
1215 1840 1384 1925 deinde,1s

315 1928 402 2012 quod
430 1928 515 2012 apud
537 1927 729 1994 Bactrianos
752 1927 851 2014 vulgo
876 1929 1090 2012 usurpabant,
1120 1951 1230 1994 canem
1254 1928 1344 1993 timi-

315 2018 391 2082 dum
419 2015 642 2082 vehementius
669 2018 789 2081 latrare
818 2040 915 2101 quam
943 2018 1090 2082 mordere
1119 2017 1344 2102 altissimaque

314 2105 453 2171 flumina
471 2106 605 2171 minimo
635 2128 714 2172 sono
737 2105 813 2171 labi.
860 2105 948 2183 Quae
970 2107 1107 2189 inserui,
1140 2111 1193 2190 ut,
1221 2108 1343 2192 qualis—

315 2217 452 2279 cumque
475 2196 561 2260 inter
584 2195 740 2260 barbaros
763 2195 874 2279 potuit
897 2217 965 2261 esse
988 2196 1177 2279 prudentia,
1199 2196 1344 2261 tradere-

262 2302 296 2348 14
315 2288 377 2349 tur.
425 2281 487 2371 [in]
519 2283 582 2347 His
610 2284 810 2350 audientium
833 2285 1090 2368 expectationem
1119 2284 1341 2369 suspenderat.
1358 2314 1384 2353 ao

314 2371 398 2437 Tum
421 2372 591 2440 consilium
616 2374 720 2457 aperit
742 2372 857 2437 utilius
881 2373 982 2438 Besso
1006 2396 1103 2458 quam
1127 2374 1260 2459 gratius.
1291 2373 1344 2439 ‘In

315 2461 499 2545 vestibulo',
530 2462 652 2545 inquit,
686 2463 804 2548 ‘regiae
832 2466 907 2527 tuae
935 2463 1157 2528 velocissimus
1190 2464 1344 2528 consistit

313 2574 385 2628 rex:
409 2555 484 2615 ante
507 2551 563 2616 1116
586 2572 703 2637 agmen
726 2573 821 2636 quam
844 2555 881 2615 tu
900 2573 1045 2616 mensam
1063 2552 1160 2616 istam
1184 2552 1343 2617 movebis.

263 2657 296 2704 15
315 2639 414 2706 Nunc
441 2640 481 2705 ab
505 2640 607 2705 Tanai
637 2642 815 2705 exercitum
843 2662 984 2706 accerses
1017 2644 1049 2705 61
1078 2641 1175 2705 armis
1203 2641 1342 2707 flumina

316 2752 468 2814 oppones.
516 2727 660 2813 Scilicet,
690 2752 754 2814 qua
782 2734 819 2794 tu
841 2730 1011 2817 ‘fugiturus
1039 2752 1086 2813 es,
1115 2730 1219 2795 hostis
1247 2733 1384 2815 sequias

314 2841 382 2884 non
404 2822 521 2903 potest.
567 2818 634 2884 Iter
656 2819 786 2902 utrique
811 2840 980 2884 commune
1008 2823 1065 2899 est,
1089 2818 1204 2889 victori
1228 2820 1343 2887 tutius.

389 3031 534 3102 lparere]
551 3046 652 3100 parare
670 3035 702 3083 V.
761 3029 859 3101 quarn]
879 3047 943 3084 cnm
961 3035 991 3084 V.
1054 3030 1210 3084 3subeant
1225 3032 1342 3099 screbat:

316 3101 420 3156 sicis.
512 3108 529 3154 4
548 3102 674 3157 Bessus
693 3118 763 3155 eam
786 3102 896 3156 dicere
920 3102 1024 3157 iussit
1046 3102 1255 3171 intrepidum
1274 3103 1341 3158 add.

316 3175 458 3230 Halmius.
527 3172 662 3241 poculum
676 3178 887 3241 om.1²vm.pr.
961 3172 1128 3244 shabebat]
1144 3172 1248 3227 abebat
1257 3178 1285 3227 Ρ.

316 3244 441 3300 Gobares
460 3249 492 3297 1²:
512 3244 627 3298 cobares
646 3251 671 3297 c.
763 3249 778 3297 6
798 3244 903 3369 111111]
922 3243 1023 3313 inquid
1041 3249 1071 3298 v.
1164 3250 1180 3297 8
1199 3244 1342 3316 hebetior]

316 3316 448 3371 hebetior
465 3320 493 3368 Ρ.
569 3315 675 3371 salias
693 3316 850 3371 Bentleius:
871 3314 935 3370 aiis
952 3322 983 3369 A.
1057 3322 1089 3369 11
1110 3316 1209 3383 utique
1227 3318 1341 3384 scripsi:

315 3390 464 3455 utramque
484 3391 515 3441 Δ.
607 3393 640 3440 13
660 3386 793 3459 sustines]
817 3387 958 3442 sustinens
977 3392 1007 3440 V.
1099 3387 1209 3457 regium
1228 3392 1253 3441 1:
1278 3403 1342 3457 reg-

318 3476 386 3512 num
405 3463 433 3525 P,
451 3475 551 3527 regum
571 3464 596 3511 0.
671 3460 775 3524 14611,
795 3459 856 3530 aut]
876 3458 1060 3513 esthaudP.
1136 3464 1167 3511 11
1188 3457 1343 3512 altissima-

317 3547 373 3597 que
387 3530 498 3598 ecrtpei:
517 3527 658 3582 altissima
671 3546 801 3598 quaeque
815 3534 846 3584 l.
903 3536 935 3583 19
950 3529 1112 3601 prudentia]
1128 3530 1298 3599 prudentiae
1312 3536 1342 3586 Ρ.

318 3606 352 3655 20
371 3600 426 3673 [in]
449 3599 502 3656 His
521 3601 683 3658 Pelenariae.
795 3602 980 3671 suspenderat
999 3602 1168 3657 Palaeeries:
1194 3601 1237 3655 sui
1261 3617 1343 3669 spem

317 3672 436 3727 dederat
454 3676 484 3727 Δ.
547 3678 599 3725 ’22
619 3672 724 3744 inquit]
744 3672 844 3741 inquid
863 3677 894 3725 V.
968 3673 1098 3727 consistit
1111 3679 1137 3727 1:
1158 3672 1295 3727 consistat
1308 3678 1341 3727 A.

318 3750 351 3798 23
368 3762 453 3813 quam
463 3745 531 3798 tul:
546 3746 656 3813 quantu
665 3749 711 3796 rt
725 3761 759 3797 m.
770 3756 817 3813 pr.
832 3749 863 3810 V,
878 3746 1091 3813 quantumBm.
1102 3763 1147 3814 pr.
1158 3750 1186 3799 Ρ.
1242 3750 1277 3797 24
1292 3743 1343 3816 ab]

317 3834 354 3885 ap
369 3820 424 3870 Π.
488 3821 521 3871 25
541 3816 660 3887 quatu]
680 3817 789 3884 quantu
808 3818 934 3885 Baapr.
1007 3821 1040 3869 26
1059 3815 1162 3888 tutius]
1180 3814 1268 3870 totius
1282 3821 1342 3871 Π.
