3150 4459
431 424 686 480 HISTORIARUM
704 423 922 478 ALEXANDRI
940 424 1013 491 VIII,
1033 430 1076 479 10.
1202 423 1267 488 289

242 593 356 674 perent
374 590 580 672 redimitique
598 588 713 652 fronde
732 591 803 652 toto
823 609 955 654 nemore
971 587 1093 652 similes
1111 586 1268 652 bacchan-

243 679 332 742 tibus
356 682 559 763 vagarentur.
596 676 742 743 Vocibus
765 698 843 762 ergo
868 680 918 741 tot
941 676 1068 740 milium
1086 676 1266 760 praesidem
1287 692 1321 741 16

242 768 384 832 nemoris
413 770 481 832 eius
509 767 605 831 deum
630 766 834 830 adorantium
858 766 935 851 iuga
958 768 1078 831 montis
1102 769 1266 849 vallesque

243 856 448 938 resonabant,
471 877 546 921 cum
569 860 642 921 orta
664 856 796 920 licentia
819 878 838 918 a
860 856 982 939 paucis,
1011 859 1049 920 ut
1071 856 1138 919 fere
1162 856 1209 939 fit,
1233 857 1267 919 in

216 968 354 1012 somnes
386 968 419 1010 se
449 949 581 1030 repente
610 947 784 1030 vulgasset.
832 944 960 1029 Quippe
989 944 1079 1009 velut
1105 944 1140 1008 in
1163 944 1268 1009 media
1288 960 1320 1009 17

243 1057 321 1118 pace
344 1057 403 1118 per
425 1035 542 1099 herbas
563 1035 795 1120 adgestamque
813 1033 961 1098 frondem
979 1037 1182 1117 prostravere
1201 1054 1267 1097 cor-

243 1147 331 1208 pora.
378 1124 422 1188 Et
445 1147 503 1188 rex
525 1124 694 1188 fortuitam
717 1124 878 1187 laetitiam
901 1144 968 1187 non
991 1128 1156 1187 aversatus
1178 1124 1268 1206 large

244 1213 284 1277 ad
314 1214 426 1296 epulas
454 1214 606 1277 omnibus
633 1212 791 1296 praebitis
818 1235 877 1295 per
899 1230 923 1275 x
947 1211 1014 1276 dies
1037 1212 1155 1277 Libero
1178 1210 1269 1276 Patri

245 1308 414 1386 operatum
438 1302 554 1367 habuit
577 1304 762 1367 exercitum.
803 1300 881 1378 Quis
900 1304 998 1387 neget
1021 1301 1170 1366 eximiam
1191 1323 1269 1384 quo·
1290 1319 1322 1366 18

204 1420 229 1459 ιο
244 1414 306 1475 que
330 1392 465 1477 gloriam
492 1392 619 1475 saepius
642 1393 793 1456 fortunae
817 1412 913 1475 quam
937 1391 1069 1455 virtutis
1088 1412 1157 1455 esse
1176 1390 1269 1454 bene·

244 1481 377 1544 ficium?
415 1480 541 1565 Quippe
564 1503 604 1544 ne
629 1479 797 1564 epulantes
822 1480 953 1564 quidem
977 1485 1009 1545 et
1032 1480 1157 1564 sopitos
1180 1500 1268 1543 mero

244 1570 377 1655 adgredi
400 1593 497 1633 ausus
521 1575 570 1635 est
592 1569 697 1634 hostis
720 1569 809 1633 haud
834 1591 926 1635 secus
950 1569 1177 1634 bacchantium
1200 1569 1270 1633 ulu-

244 1660 446 1743 lantiumque
473 1660 606 1723 fremitu
632 1660 837 1742 perterritus,
868 1680 966 1742 quam
990 1659 1017 1723 si
1040 1658 1270 1742 proeliantium

245 1748 367 1813 clamor
395 1752 480 1811 esset
507 1748 646 1811 auditus.
691 1747 815 1811 Eadem
845 1748 983 1811 felicitas
1007 1748 1046 1811 ab
1071 1746 1199 1812 Oceano
1223 1768 1270 1811 re·
1305 1810 1307 1814 ,

205 1865 230 1903 15
245 1842 407 1901 vertentes
431 1838 627 1901 temulentos
651 1837 927 1920 comissantesque
946 1837 1031 1900 inter
1050 1858 1106 1901 ora
1125 1836 1271 1900 hostium

245 1927 335 1989 texit.

192 2022 245 2094 372,
313 2015 398 2077 Hinc
418 2014 458 2078 ad
474 2015 649 2099 regionem,
664 2036 747 2097 quae
760 2014 904 2078 Daedala
918 2018 1061 2097 vocatur,
1079 2019 1271 2099 perventum
1292 2033 1324 2080 19

246 2109 304 2169 est.
351 2103 568 2168 Deseruerant
595 2104 720 2168 incolae
747 2104 838 2168 sedes
867 2107 900 2168 st
923 2103 957 2167 in
981 2105 1070 2169 avios
1095 2105 1271 2168 silvestres-

246 2214 308 2278 que
332 2197 458 2257 montes
487 2192 708 2278 confugerant.
755 2194 844 2279 Ergo
868 2192 1008 2257 Acadira
1030 2193 1148 2258 transit
1171 2214 1271 2276 aeque

206 2308 233 2348 ro
246 2287 339 2347 vasta
363 2287 396 2346 et
423 2282 580 2347 destituta
602 2282 815 2347 incolentium
838 2281 925 2368 fuga.
970 2282 1084 2365 Itaque
1111 2284 1271 2346 rationem
1291 2301 1326 2349 20

245 2372 323 2436 belli
346 2374 520 2436 necessitas
545 2374 691 2435 mutavit.
739 2370 861 2435 Divisis
888 2374 973 2437 enim
996 2372 1099 2456 copiis
1123 2372 1272 2455 pluribus

246 2461 344 2525 simul
366 2461 446 2524 locis
470 2483 559 2524 arma
583 2461 733 2543 ostendit,
757 2461 977 2546 oppressique,
999 2462 1058 2525 ubi
1075 2484 1139 2526 non
1161 2482 1273 2544 expec-

246 2554 394 2614 taverant
417 2550 558 2633 hostem,
591 2552 680 2614 omni
712 2549 801 2614 clade
829 2551 1003 2633 perdomiti
1031 2554 1116 2615 sunt.
1162 2546 1272 2615 Btblo-
1292 2568 1324 2614 21

247 2662 356 2703 maeus
380 2640 537 2723 plurimas
560 2639 670 2722 urbes,
693 2637 878 2703 Alexander
901 2640 1058 2703 maximas
1082 2640 1181 2723 cepit:
1205 2662 1272 2703 rur-

206 2753 231 2794 rs
247 2751 378 2813 susque,
415 2750 495 2811 quas
533 2728 755 2812 distribuerat,
794 2728 902 2812 copias
939 2728 1053 2793 iunxit.
1114 2728 1272 2811 Superato
1292 2746 1325 2792 22

246 2818 359 2882 deinde
385 2816 533 2901 Choaspe
557 2839 651 2881 amne
673 2815 805 2881 Coenon
828 2817 863 2880 in
887 2817 1056 2882 obsidione
1078 2818 1169 2882 urbis
1194 2840 1272 2901 opu-

247 2991 461 2998 W—

321 3106 333 3150 1
356 3099 462 3154 similes
482 3107 507 3153 1:
528 3100 628 3152 similis
643 3106 673 3153 Δ,
734 3098 950 3170 bacchantibus]
971 3098 1157 3153 baecantibus
1176 3105 1204 3165 Ρ,
1224 3098 1273 3152 ba-

249 3171 379 3224 cantibus
393 3177 421 3224 F.
474 3177 489 3223 3
505 3170 649 3240 vallesque
662 3172 774 3241 scripsi:
792 3170 932 3237 collesque
948 3175 978 3225 Δ.
1029 3178 1046 3224 4
1061 3172 1135 3242 orta]
1150 3170 1232 3224 horta
1241 3176 1271 3223 V.

248 3250 264 3296 ὁ
284 3258 380 3295 omnes
400 3260 429 3297 se
447 3245 564 3310 repente
581 3242 702 3297 centa:
722 3241 851 3295 homines
871 3245 1038 3310 serpentes
1057 3242 1198 3314 [homines
1217 3258 1274 3296 ser·

247 3316 347 3383 pentes
364 3313 405 3383 F].
462 3313 612 3384 therbas]
631 3314 713 3367 erbas
728 3320 755 3366 1..
815 3319 848 3365 10
867 3313 1047 3386 beneficium]
1066 3314 1230 3367 benefitium
1244 3319 1272 3367 Β.

249 3392 281 3439 12
297 3385 511 3455 bacchantium]
527 3385 706 3438 baccautium
722 3391 750 3450 P,
767 3385 952 3438 bachantium
966 3391 994 3439 r.
1045 3385 1273 3454 ululantiumque

250 3459 378 3511 Modica:
397 3457 646 3524 hnlulantiumque
660 3462 688 3518 Ρ,
703 3455 953 3524 huiulantiumque
969 3463 994 3509 ὓ,
1046 3463 1079 3510 13
1095 3457 1273 3528 perterritus]

248 3528 413 3597 perterritos
437 3534 464 3580 Ρ.
576 3534 609 3581 15
636 3528 877 3595 comissantesque
901 3529 1062 3596 Zumptius:
1091 3529 1273 3582 comisantes-

249 3618 303 3667 que
318 3605 347 3651 Δ.
404 3599 479 3652 inter
493 3599 554 3670 ora]
568 3599 705 3653 interiora
719 3606 747 3665 Ρ,
762 3600 837 3653 inter
851 3600 920 3652 hora
935 3605 956 3651 r
969 3617 1056 3669 ηιμ.
1131 3605 1164 3653 19
1185 3616 1274 3667 aeque

249 3672 419 3726 Frobeoius:
436 3675 562 3738 atqueA.
619 3676 652 3723 20
662 3673 745 3725 vasta
755 3672 917 3725 Acidaliae:
932 3673 998 3725 usta
1008 3675 1038 3724 Δ.
1093 3676 1126 3724 22
1138 3671 1186 3724 ubi
1197 3674 1273 3725 Boa-

247 3745 370 3813 9arsr'us:
391 3743 456 3795 urbi
472 3749 518 3795 Δ.’
559 3749 593 3797 23
612 3742 792 3796 Ptolomaeus
812 3744 923 3812 scrr'psi:
943 3742 1101 3811 ptolomeus
1117 3750 1142 3809 ο,
1162 3742 1275 3811 ptholo-

249 3832 327 3867 meus
338 3821 365 3867 Ρ,
418 3820 451 3867 24
467 3814 554 3885 oepit]
570 3815 664 3882 coepit
674 3820 702 3866 r.
759 3819 792 3866 26
808 3813 936 3882 Choaspe
946 3815 1115 3870 Frobeaius:
1132 3818 1274 3881 coaspeA.

304 3914 409 3953 (luamus
424 3915 506 3954 Burus
521 3914 555 3953 ed.
570 3914 708 3953 Hedicke.
738 3915 781 3954 Ed.
796 3915 876 3955 maior.
1080 3909 1115 3955 Is
