3150 4459
298 426 362 490 154
672 426 704 491 Q.
724 426 834 481 CURTI
851 426 937 481 RUFI

244 609 276 656 14
295 590 393 655 animi
408 590 499 674 sequi
512 593 653 673 possent,
671 594 846 673 postquam
860 589 994 653 deficere
1010 589 1118 673 sensit,
1137 589 1326 673 poplitibus

296 682 398 744 semet
412 680 538 763 excepit
551 679 707 764 galeaque
726 683 856 743 strenue
875 684 1004 762 sumpta
1024 679 1125 761 clipeo
1145 684 1326 765 protegens

203 817 206 823 .
297 789 412 851 corpus
427 768 554 831 hastam
573 768 702 832 dextera
716 768 866 832 vibrabat
884 770 969 831 ultro
985 789 1165 849 provocans
1180 767 1325 850 hostem,

245 874 277 923 1⁶
298 858 326 920 si
349 859 421 940 quis
449 857 568 921 iacenti
591 858 695 940 spolia
718 858 843 921 demere
866 857 1005 921 auderet.
1051 855 1121 921 Nec
1144 859 1324 940 quisquam

295 946 371 1029 fuit,
395 947 451 1030 qui
475 946 648 1010 sustineret
678 945 858 1010 comminus
882 945 1050 1031 congredi:
1077 944 1191 1029 procul
1214 946 1324 1011 missi·
1352 974 1363 1013 1

295 1036 382 1101 libus
405 1035 626 1119 adpetebatur,
649 1056 686 1098 ea
705 1036 775 1118 ipsa
794 1034 827 1098 in
847 1035 975 1099 hostem
994 1040 1193 1118 retorquens,
1218 1035 1325 1101 donec

295 1126 406 1189 lancea
428 1124 514 1188 nudo
538 1124 661 1209 pectori
684 1124 784 1189 infixa
807 1128 864 1189 est.
898 1122 967 1200 Qua
991 1146 1030 1188 ex
1054 1127 1185 1189 vulnere
1209 1124 1326 1189 evolsa

296 1213 489 1278 inclinatum
512 1237 550 1280 ac
573 1214 722 1278 deficiens
746 1217 843 1297 caput
867 1213 971 1298 clipeo
994 1213 1159 1297 paulisper
1182 1214 1324 1297 excepit,

297 1302 372 1367 dein
394 1303 562 1386 linquente
585 1303 702 1387 spiritu
726 1302 848 1386 pariter
866 1324 902 1365 ac
926 1303 1083 1388 sanguine
1106 1302 1323 1368 moribundus

244 1412 278 1462 11
298 1393 332 1456 in
350 1414 438 1455 arma
457 1391 640 1475 procubuit.
679 1390 829 1458 Cecidere
844 1391 1171 1456 Lacedaemoniorum
1185 1410 1208 1454 v
1227 1392 1323 1455 milia
1340 1422 1363 1459 10

298 1484 330 1545 et
349 1482 423 1562 ccc,
446 1504 486 1544 ex
508 1480 740 1545 Macedonibus
763 1480 852 1545 haud
875 1482 1013 1564 amplius
1032 1498 1073 1546 M:
1097 1485 1239 1545 ceterum
1264 1482 1322 1550 vix

282 1571 470 1654 vquisquam
492 1569 556 1633 nisi
580 1571 707 1635 saucius
731 1572 863 1635 revertit
885 1570 920 1633 in
944 1574 1056 1634 castra.
1104 1613 1107 1615 -

365 1658 454 1723 Haeo
484 1659 620 1724 victoria
652 1682 718 1723 non
742 1657 891 1743 Spartam
923 1660 1019 1723 modo
1049 1659 1217 1741 sociosque
1243 1660 1356 1743 eius,3

298 1749 353 1812 sed
386 1748 484 1812 etiam
516 1750 637 1832 omnis,
670 1749 726 1832 qui
758 1748 922 1813 fortunam
955 1748 1035 1827 belli
1063 1753 1323 1834 expectaverant,

244 1855 278 1903 1⁷
297 1837 404 1922 fregit.
449 1836 519 1902 Nec
546 1838 680 1903 fallebat
703 1837 914 1921 Antipatrum
944 1837 1113 1902 dissentire
1139 1838 1179 1901 ab
1204 1838 1323 1902 animis
1339 1867 1363 1907 11

297 1925 531 2012 gratulantium
559 1929 682 1993 vultus:
714 1926 770 1990 sed
799 1927 921 1991 bellum
947 1927 1040 1992 finire
1071 1926 1214 2010 cupienti
1238 1949 1322 2011 opus

298 2019 366 2080 erat
388 2016 501 2099 decipi,
526 2020 566 2100 et,
590 2038 785 2100 quamquam
809 2017 941 2080 fortuna
963 2038 1069 2079 rerum
1092 2016 1250 2101 placebat,
1273 2016 1323 2082 in-

297 2104 417 2169 vidiam
436 2108 553 2187 tamen,
577 2107 654 2188 quia
672 2106 809 2170 maiores
827 2126 878 2169 res
898 2110 989 2168 erant
1009 2127 1114 2189 quam,
1134 2127 1213 2187 quas
1231 2128 1324 2188 prae·

243 2210 278 2258 18
297 2193 373 2256 fecti
388 2193 503 2258 modus
518 2199 655 2278 caperet,
669 2194 840 2258 metuebat.
871 2193 997 2278 Quippe
1011 2194 1195 2258 Alexander
1208 2195 1321 2258 hostes

297 2282 385 2347 vinci
413 2280 572 2366 voluerat,
604 2282 814 2368 Antipatrum
844 2283 960 2350 vicisse
983 2307 1023 2347 ne
1048 2284 1164 2348 tacitus
1189 2284 1321 2366 quidem
1338 2309 1374 2352 11·

298 2370 528 2456 indignabatur
555 2394 630 2436 suae
659 2373 826 2457 demptum
850 2373 972 2459 gloriae
995 2373 1197 2454 existimans,
1230 2374 1321 2456 quid-

244 2478 278 2526 19
299 2461 377 2545 quid
409 2462 555 2526 cessisset
586 2460 716 2526 alienae.
770 2460 885 2545 Itaque
912 2461 1098 2545 Antipater,
1131 2463 1187 2545 qui
1207 2464 1321 2546 'probe

297 2554 407 2615 nosset
431 2551 564 2633 spiritus
588 2552 664 2628 eius,
693 2573 758 2615 non
782 2555 831 2616 est
854 2573 951 2615 ausus
974 2550 1044 2635 ipse
1068 2573 1162 2635 agere
1185 2551 1321 2615 arbitria

297 2639 461 2723 victoriae,
485 2640 541 2703 sed
565 2641 737 2722 concilium
753 2638 956 2721 Graecorum,
980 2641 1058 2724 quid
1081 2640 1152 2704 fieri
1170 2643 1321 2724 placeret,

242 2745 278 2795 20
297 2728 469 2794 consuluit.
514 2728 545 2792 A
568 2751 633 2812 quo
656 2730 904 2812 Lacedaemonii
926 2730 1010 2793 nihil
1033 2729 1121 2794 aliud
1144 2752 1254 2812 quam,
1283 2735 1321 2793 ut
1337 2760 1362 2798 11

298 2822 440 2883 oratores
464 2820 593 2883 mittere
613 2819 652 2882 ad
672 2841 781 2904 regem
800 2819 921 2902 liceret,
944 2817 1102 2903 Tegeatae
1121 2820 1247 2882 veniam
1268 2819 1320 2882 de-

369 2962 384 3009 2
404 2960 494 3011 semet
520 2960 611 3019 semet
621 2964 650 3024 Ρ,
668 2959 716 3013 sed
729 2960 742 3011 t
756 2960 787 3011 in
806 2976 861 3013 ras.
922 2958 1044 3029 excepit]
1065 2958 1194 3027 excoepit
1208 2963 1264 3011 Π.

297 3028 448 3100 galeaque]
465 3045 498 3083 ca
510 3035 629 3098 eaquel’
642 3048 677 3083 m.
689 3047 733 3099 pr.
791 3029 882 3099 clipeo
897 3035 923 3083 1:
943 3029 1042 3098 clypeo
1057 3034 1080 3081 A
1095 3029 1262 3100 [clypeoque
1278 3030 1310 3101 B]

297 3107 313 3152 3
334 3100 449 3154 dextera
461 3106 493 3154 1³:
515 3102 653 3155 dextrae.
703 3117 861 3170 provocans
879 3102 990 3170 scripsi:
1010 3118 1115 3154 uocans
1129 3106 1160 3155 A.
1216 3100 1319 3171 lNec]

296 3189 331 3224 ne
351 3178 377 3224 t.
464 3171 651 3296 tcongredi]
666 3172 798 3225 concredi
816 3177 836 3223 Ρ
851 3191 885 3226 m.
896 3190 942 3241 pr.
1034 3172 1319 3243 Scaput]capud1.

278 3243 1174 3383 ¹liert·,rAplestatur-,afflasset”a
1195 3244 1318 3386 11111

296 3385 372 3440 scius
390 3390 459 3440 Pm.
470 3404 516 3454 pr.
609 3392 642 3438 13
662 3385 793 3455 Spartam
812 3387 1003 3455 Iispartham
1021 3391 1081 3454 PF,
1100 3386 1218 3454 spartha
1236 3392 1318 3439 ΕΠ.

298 3461 331 3509 14
345 3455 414 3510 belli
429 3460 645 3525 expectaverant
659 3460 770 3527 smpsi:
787 3457 893 3511 bellam
908 3460 1107 3527 spectauerant
1121 3463 1151 3510 A.
1200 3464 1241 3529 Ι16
1257 3459 1319 3529 sed]

296 3544 326 3582 se
345 3533 414 3582 Pur.
425 3546 470 3596 pr.
516 3534 569 3591 Ι18
588 3530 708 3582 maiores
727 3536 817 3582 resc:
837 3529 1039 3583 maioresl’m.
1050 3546 1095 3598 pr.
1154 3535 1186 3582 19
1205 3530 1318 3599 modus]

295 3599 387 3669 modis
403 3605 423 3651 Ρ
440 3618 475 3653 m.
491 3618 537 3668 pr.
636 3600 1318 3670 1111111111]1111111111111111111.
1359 3595 1366 3608 ’

296 3677 330 3724 25
346 3671 436 3742 aliud]
452 3671 524 3725 aliut
537 3679 564 3725 Ι..
649 3678 682 3725 26
702 3670 843 3740 Tegeatae
859 3673 1013 3727 Bentlea'as:
1034 3674 1135 3742 geatae
1150 3677 1180 3738 A,
1195 3673 1242 3727 sed
1256 3675 1285 3727 in
1303 3678 1320 3723 c

263 3771 270 3779 ·
296 3744 492 3797 arideorum
511 3744 635 3814 11119111
652 3742 769 3812 precati,
792 3745 823 3797 in
836 3748 859 3794 V
878 3744 909 3797 111
928 3750 1004 3798 texta
1023 3752 1062 3799 est
1079 3744 1190 3813 peccati
1209 3746 1320 3813 geatae,

295 3816 360 3868 inl.
381 3833 466 3868 1111·
488 3816 597 3885 geatae.
