3150 4459
292 456 358 519 222
671 455 703 523 Q.
723 455 833 511 OURTI
852 456 939 510 RUFI

292 641 376 703 quos
404 619 438 682 in
462 619 576 683 eodem
600 619 727 706 agmine
752 641 820 685 esse
854 623 885 684 et
914 641 1007 704 aegre
1037 619 1106 703 pati
1134 618 1223 683 sitim
1252 642 1325 684 non

240 724 272 772 11
292 708 496 793 ignorabant,
519 711 752 773 succurrerent.
776 707 927 785 Quicum
942 709 976 771 in
994 730 1103 794 regem
1119 707 1324 790 incidissent,

293 798 375 862 alter
398 820 438 861 ex
461 797 512 862 his
536 802 609 862 utre
631 797 775 863 resoluto
799 819 864 881 vas,
888 797 975 881 quod
999 797 1094 862 simul
1117 797 1323 881 1111111111-

291 886 361 970 plet
387 886 555 972 porrigens
582 888 660 972 regi.
706 884 766 951 Ille
795 886 925 970 accipit:
953 890 1176 970 percontatus,
1200 886 1321 970 quibus

215 994 273 1041 ..12
293 998 411 1060 aquam
438 979 596 1060 portaret,
623 975 701 1040 filiis
734 976 818 1040 ferre
850 976 1023 1061 cognoscit.
1075 976 1166 1040 Tunc
1198 976 1321 1059 poculo
1351 1002 1363 1040 r

292 1065 404 1149 pleno,
434 1066 518 1130 sicut
540 1064 685 1130 oblatum
705 1067 762 1149 est,
785 1064 929 1130 reddito:
962 1063 1042 1128 ‘Nec
1066 1064 1176 1149 solus’,
1199 1066 1324 1150 inquit,

293 1152 414 1219 ‘bibere
447 1153 592 1218 sustineo
620 1174 680 1217 nec
712 1158 779 1218 tam
811 1154 964 1239 exiguum
994 1154 1135 1218 dividere
1169 1150 1322 1218 omnibus

291 1263 438 1327 possum:
467 1242 525 1309 vos
554 1243 673 1307 currite
701 1246 735 1307 ct
763 1242 875 1307 liberis
906 1242 1037 1326 vestris,
1070 1241 1158 1325 quod
1185 1247 1323 1326 propter

292 1332 367 1396 illos
390 1332 562 1414 attulistis,
585 1331 680 1396 date'.

239 1439 273 1487 13
360 1420 503 1486 Tandem
526 1421 566 1484 ad
589 1421 710 1485 flumen
729 1416 835 1484 Oxum
858 1420 929 1504 ipsc
951 1420 1101 1504 pervenit
1123 1421 1227 1503 prima
1250 1420 1321 1485 fere
1336 1426 1372 1480 21

292 1533 434 1595 vespera.
473 1508 534 1575 Sed
559 1509 718 1575 exercitus
741 1530 860 1592 magna
882 1531 957 1593 pars
981 1531 1047 1574 non
1070 1513 1221 1594 potuerat
1244 1531 1321 1576 con·
1337 1538 1362 1577 11

294 1601 401 1684 sequi:
425 1598 459 1663 11
482 1599 570 1666 edito
589 1602 699 1664 monte
713 1600 805 1683 ignes
825 1597 915 1662 iubet
933 1598 1013 1681 fieri,
1035 1602 1073 1663 ut
1091 1598 1124 1681 ii,
1148 1598 1205 1682 qui
1224 1620 1321 1684 aegre

294 1688 524 1773 sequebantur,
552 1687 638 1752 haud
665 1686 779 1772 procul
794 1688 916 1752 castris
944 1687 1032 1771 ipsos
1061 1687 1172 1752 abesse
1201 1709 1324 1773 cogno·

241 1796 275 1844 14
294 1781 433 1860 sacrent,
461 1799 515 1842 eos
539 1780 659 1860 autem,
693 1777 751 1861 qui
773 1777 872 1861 primi
895 1776 1034 1862 agminis
1058 1780 1162 1861 erant,
1192 1782 1321 1843 mature

295 1867 367 1931 cibo
392 1888 430 1933 ac
447 1867 580 1951 potione
599 1867 744 1931 firmatos
767 1865 891 1950 inplere
910 1864 991 1930 alios
1011 1869 1109 1950 utres,
1132 1866 1213 1930 alios
1232 1887 1362 1947 vasa,1s

294 1956 551 2041 quibuscumque
574 1978 658 2039 aqua
676 1954 799 2039 portari
822 1957 940 2039 posset,
964 1976 1002 2019 ac
1021 1955 1088 2019 suis
1112 1977 1206 2039 opem
1224 1956 1320 2020 ferre.

242 2064 275 2111 15
295 2043 359 2110 Sed
387 2045 443 2128 qui
471 2045 739 2129 intemperantius
776 2043 963 2127 hauserant,
996 2043 1171 2109 intercluso
1200 2044 1320 2127 spiritu

294 2133 430 2200 extincti
461 2138 550 2217 sunt,
582 2132 751 2218 multoque
778 2133 883 2199 maior
914 2133 1032 2197 horum
1058 2155 1212 2197 numerus
1245 2132 1321 2219 fuit,

241 2242 274 2291 16
294 2245 392 2308 quam
420 2223 489 2287 ullo
520 2223 673 2287 amiserat
694 2222 828 2305 proelio.
875 2220 920 2286 At
943 2221 999 2286 ille
1022 2221 1187 2286 thoracem
1211 2222 1321 2288 adhue

293 2311 426 2376 indutus
453 2333 513 2376 nec
540 2311 692 2377 anteibo
720 2312 859 2377 retectus
883 2314 939 2375 aut
961 2314 1057 2395 potu,
1081 2334 1144 2395 qua
1167 2311 1321 2376 veniebat
1335 2339 1362 2378 ao

293 2403 481 2484 excercitus,
505 2400 652 2465 constitit
676 2422 736 2465 nec
755 2404 838 2466 ante
862 2400 901 2464 ad
926 2400 1102 2465 curandum
1131 2421 1247 2483 corpus
1270 2422 1320 2465 re-

293 2492 402 2573 cessit,
431 2512 526 2574 quam
550 2489 758 2573 praeterierat
785 2511 880 2554 omne
903 2511 1033 2575 agmen,
1055 2493 1222 2573 totamque
1247 2512 1320 2557 eam

293 2584 421 2645 noctem
439 2601 513 2643 cum
531 2600 649 2665 magno
672 2578 772 2643 animi
795 2582 887 2643 motu
907 2578 1073 2663 perpetuis
1096 2578 1217 2664 vigiliis
1241 2578 1320 2663 egit.

240 2690 273 2737 11
293 2668 362 2734 Nec
384 2672 514 2752 postero
538 2667 589 2732 die
611 2667 728 2732 laetior
745 2671 824 2751 erat,
851 2668 927 2751 quia
949 2689 1008 2732 neo
1026 2669 1155 2752 navigia
1176 2667 1321 2733 habebat

293 2780 353 2823 nec
379 2780 462 2842 pons
496 2757 577 2843 erigi
604 2760 733 2841 poterat
757 2762 842 2822 torro
869 2757 990 2821 circum
1018 2779 1146 2821 amnem
1173 2757 1261 2821 nuda
1284 2762 1319 2822 et
1334 2785 1361 2825 11

293 2848 426 2912 materia
448 2847 588 2911 maxime
611 2845 723 2911 sterili.
769 2844 949 2912 Consilium
972 2846 1081 2931 igitur,
1106 2846 1192 2929 quod
1215 2865 1319 2912 unum

293 2936 466 3001 necessitas
490 2935 684 3020 subiecerat,
716 2935 791 3000 init:
824 2939 911 2999 utres
936 2934 1212 3018 quamplurimos
1237 2939 1319 2999 stra·

366 3207 381 3254 2
401 3203 595 3256 succurrerent
613 3201 761 3255 Heirraiua:
786 3202 965 3254 occurrerent
983 3204 1013 3252 Δ.
1124 3205 1139 3252 6
1160 3201 1203 3252 111
1221 3216 1273 3254 orn.
1287 3205 1318 3253 Ρ.

295 3274 563 3344 atam]tamen1².
673 3270 810 3342 dividere]
831 3271 963 3325 decidere
982 3275 1012 3324 V.
1123 3275 1157 3324 10
1176 3269 1318 3343 Tandem]

293 3347 388 3400 tamen
408 3349 436 3396 Ρ.
497 3349 530 3396 11
549 3343 693 3414 potuerat]
712 3344 826 3411 poterat
844 3347 898 3398 BF.
960 3348 992 3395 12
1013 3342 1102 3413 adito]
1123 3340 1214 3396 sedito
1232 3345 1261 3396 P.

293 3414 559 3485 ii12hiin[hiv].
615 3414 980 3497 1ahaud]hauta‚autv.
1037 3418 1070 3468 16
1085 3414 1317 3483 posseth.1›r.

292 3486 384 3556 possit
402 3492 433 3539 A.
506 3485 923 3555 acPVm.pr.:1ussitaec.
999 3491 1029 3538 17
1050 3484 1214 3554 hauserant]
1234 3497 1319 3539 ause-

292 3559 358 3612 rant
375 3562 406 3611 v.
494 3562 527 3611 19
546 3557 703 3629 thoracem]
721 3560 847 3611 toracem
866 3564 891 3610 c.
978 3562 1011 3609 22
1030 3555 1215 3625 praeterierat
1233 3572 1318 3610 omne

292 3630 404 3698 saepti:
437 3628 641 3697 praeterierant
674 3628 723 3697 qui
749 3633 780 3681 Δ.
896 3634 930 3681 24
958 3625 1071 3697 laetior]
1104 3626 1230 3681 laetitior
1258 3632 1318 3682 Π.

294 3708 328 3756 21
348 3707 439 3755 terra
458 3700 694 3769 circumscripsi:
718 3699 823 3753 circum
841 3704 872 3753 Δ.
963 3700 1039 3752 nuda
1057 3700 1169 3768 serapti:
1188 3698 1264 3752 nudo
1284 3704 1317 3753 Δ.

294 3770 664 3842 2611111111]111111111’.
774 3776 807 3824 27
827 3769 998 3841 subiecerat]
1023 3770 1245 3835 1111111111Βῖ,
1270 3787 1318 3823 11-

194 3870 197 3873 ·
293 3844 420 3900 biacerat
437 3848 465 3897 Ι..
539 3841 605 3914 1111]
624 3842 690 3895 11111
708 3848 776 3896 rm.
789 3859 835 3910 pr.
