3150 4459
471 462 726 517 HISTORIARUM
744 461 959 516 ALEXANDRI
978 462 1024 528 VI,
1044 468 1068 515 6.
1219 464 1281 527 111

260 622 463 689 Artaxerxen
486 627 643 711 appellari
667 648 701 690 se
723 627 860 690 iusserat
878 624 1079 709 Scythasque
1104 631 1136 690 et
1159 629 1282 691 ceteros

261 713 379 778 Tanais
403 713 527 779 accolas
551 714 769 780 contrahebat.
798 714 887 780 Haec
911 713 1133 780 Satibarzanes
1156 716 1282 780 nuntia-

261 803 330 866 bat:
356 825 450 886 quem
475 809 638 887 receptum
658 804 812 868 infidam
836 804 971 889 regioni,
995 826 1092 888 quarn
1112 809 1205 869 antea
1229 805 1282 869 ob·

262 894 412 976 tinuerat,
435 894 599 977 praefecit.
636 894 680 958 Bt
704 916 777 959 cum
802 915 899 979 grave
922 894 1035 978 spoliis
1060 898 1282 979 apparatuque
1303 910 1338 958 14

233 981 408 1047 tluxuriae
436 1004 552 1068 agmen
579 984 634 1047 rix
662 987 857 1065 moveretur,
886 1004 960 1049 0000
988 983 1144 1067 primum,
1168 983 1308 1047 deinde¹

262 1071 363 1134 totius
386 1072 545 1136 exercitus
569 1072 709 1136 00101000
733 1074 875 1155 exceptis
898 1072 1071 1136 admodum
1094 1073 1284 1138 necessariis

262 1159 402 1224 conferri
425 1161 520 1224 iussit
537 1162 573 1224 in
595 1162 746 1226 medium.
792 1161 949 1226 Planities
972 1163 1116 1247 spatiosa
1138 1166 1222 1245 erat,
1249 1162 1283 1225 in
1305 1177 1337 1225 10

262 1271 358 1332 quam
395 1249 543 1313 vehicula
587 1256 704 1315 onusta
739 1250 963 1335 perduxerant.
1027 1250 1283 1334 Expectantibus

262 1338 401 1422 cunctis,
425 1340 503 1421 quid
527 1339 642 1403 deinde
665 1344 749 1404 esset
772 1340 999 1423 imperaturus,
1023 1341 1167 1404 iumenta
1189 1340 1284 1404 iussit

220 1455 248 1493 10
262 1427 377 1491 abduci
406 1430 537 1511 suisque
560 1430 701 1512 primurn
730 1430 863 1495 sarcinis
895 1429 965 1493 face
995 1428 1124 1493 subdita
1161 1433 1283 1494 ceteras

261 1516 389 1581 incendi
421 1517 619 1601 [praecepit]
670 1518 867 1604 Plagrabant
897 1518 1106 1583 exurentibus
1135 1517 1284 1601 dominis,
1304 1535 1337 1583 16

262 1627 344 1688 quac
376 1611 413 1669 ut
436 1608 558 1670 intacta
590 1630 629 1671 00
657 1608 792 1672 urbibus
826 1607 970 1672 hostium
998 1612 1162 1691 raperent,
1190 1630 1284 1690 saepe

261 1696 408 1758 flammas
431 1696 656 1779 restinxerant,
678 1697 768 1761 nullo
793 1697 960 1783 sanguinis
983 1698 1123 1781 pretium
1148 1696 1285 1761 audente

262 1783 392 1869 deflere,
423 1808 495 1848 cum
523 1787 629 1871 regias
658 1808 735 1870 opes
763 1785 847 1850 idem
877 1788 961 1872 ignis
985 1790 1141 1850 exureret.
1187 1785 1284 1850 Brevi
1305 1803 1337 1850 17

220 1899 247 1938 rs
263 1873 377 1936 deinde
400 1876 484 1938 ratio
509 1875 673 1960 mitigavit
696 1874 852 1957 dolorem,
880 1876 1068 1959 habilesque
1093 1876 1228 1939 militiae
1251 1879 1284 1938 00

263 1963 303 2025 ad
331 1965 440 2026 omnia
463 1966 568 2045 parati
598 1964 804 2028 laetabantur
831 1966 1030 2029 sarcinarum
1052 1964 1162 2048 potius
1186 1986 1283 2047 quam

261 2050 450 2136 disciplinae
472 2053 588 2117 fecisse
611 2054 777 2118 iacturam.

206 2144 247 2200 22
328 2139 435 2225 Igitur
449 2141 654 2207 Bactrianam
672 2144 837 2227 regionem
855 2142 1017 2225 petebant.
1051 2142 1113 2206 Sed
1132 2142 1283 2224 Nicanor,
1305 2160 1345 2207 18·

261 2229 484 2294 Parmenionis
508 2232 609 2313 filius,
638 2232 744 2296 subita
767 2236 872 2295 morte
901 2234 1067 2315 correptus
1088 2254 1208 2317 magno
1233 2231 1283 2295 de·

220 2345 247 2385 so
262 2317 379 2382 siderio
404 2322 454 2383 sui
478 2320 638 2384 adfecerat
656 2325 798 2385 cunctos.
826 2320 897 2385 Rex
920 2324 995 2384 ante
1019 2322 1124 2386 omnis
1143 2325 1284 2385 maestus
1304 2339 1336 2385 19

262 2408 411 2490 cupiebat
431 2410 559 2492 quidem
576 2411 750 2475 subsistere
764 2409 872 2474 funeri
880 2409 1060 2492 adfuturus,
1080 2410 1135 2473 sed
1149 2411 1284 2494 penuria
1382 2427 1385 2432 ’

262 2502 500 2561 commeatuum
530 2499 683 2563 festinare
711 2499 860 2585 cogebat:
896 2498 1004 2583 itaque
1034 2499 1181 2563 Philotas
1210 2520 1284 2563 0010

262 2587 386 2651 duobus
410 2587 544 2650 milibus
575 2593 606 2652 et
629 2605 676 2651 Dc
699 2589 844 2672 relictus,
867 2592 904 2651 ut
932 2590 1017 2653 iusta
1045 2589 1138 2653 fratri
1164 2589 1284 2671 persol-

262 2680 360 2757 veret,
383 2675 451 2759 ipse
476 2677 642 2741 contendit
665 2677 703 2741 ad
723 2677 867 2742 Bessum.

219 2790 248 2831 01
329 2763 395 2828 1001
418 2766 549 2830 facienti
573 2768 603 2831 ei
625 2767 753 2831 litterae
777 2766 967 2831 adferuntur
985 2789 1003 2829 a
1021 2767 1168 2831 finitimis
1188 2769 1284 2830 satra·
1304 2783 1338 2830 00

262 2876 385 2937 parum,
401 2878 417 2917 e
433 2856 550 2938 quibus
566 2857 733 2941 cognoscit
746 2856 882 2919 Bessum
899 2854 1028 2939 quidem
1043 2855 1156 2921 hostili
1175 2855 1283 2919 animo

262 2964 430 3008 occurrere
459 2966 532 3007 curn
565 2945 721 3027 exercitu,
750 2949 892 3010 ceterum
921 2943 1165 3024 Satibarzanen,
1188 2966 1284 3027 quem

335 3144 349 3189 1
369 3137 543 3191 Artaxerxen
562 3138 781 3192 Freinshemius:
803 3140 964 3191 artaxersen
983 3143 1012 3190 Δ.
1096 3137 1284 3208 Scythasque]

263 3208 425 3275 scithasque
438 3215 466 3261 1..
522 3216 538 3261 2
558 3207 755 3262 Satibarzanes
769 3215 795 3262 1:
816 3209 1013 3263 satabarzanes
1028 3214 1059 3262 Δ.
1114 3207 1284 3280 5100011οο]

262 3279 389 3332 10001100
404 3285 423 3331 Β
438 3300 472 3334 m.
484 3299 528 3350 pr.
544 3286 564 3331 1.
578 3297 613 3332 m.
629 3298 674 3348 pr.
691 3285 722 3334 V.
784 3286 797 3333 7
819 3280 939 3334 conferri
955 3281 1061 3334 Lazcr:
1080 3278 1184 3333 referre
1199 3284 1229 3333 Δ.

262 3350 412 3422 Planities]
428 3351 656 3419 planiciesBPV.
708 3356 825 3420 8quam
837 3353 945 3406 Laeter:
961 3356 1057 3418 quaa,
1111 3351 1283 3421 000000]οο-

262 3424 347 3474 00000
366 3428 392 3475 P.
457 3429 490 3476 10
509 3424 584 3493 face]
603 3422 816 3489 10010310.ρο
878 3422 1003 3493 subdita]
1023 3422 1283 3491 subdideram.

265 3500 297 3546 11
313 3494 482 3564 [praecepit]
497 3496 547 3549 det.
564 3495 710 3551 Kincbs'ua.
761 3494 946 3565 Plagrabant]
962 3492 1126 3561 fraglabant
1139 3500 1166 3547 1³.
1218 3510 1283 3547 exu-

262 3565 403 3636 rentibus]
419 3566 610 3621 exurientibus
620 3570 650 3617 V.
707 3570 739 3618 12
753 3564 875 3635 intacta]
884 3564 1016 3619 intacti?
1030 3583 1064 3619 m.
1076 3582 1121 3633 pr.
1173 3571 1206 3618 13
1222 3583 1284 3619 san-

264 3636 370 3707 guinis]
382 3637 508 3706 saguinis
518 3644 546 3691 L.
594 3643 626 3692 19
638 3636 843 3707 Parmenionis]
854 3635 1063 3704 parmoenionis
1074 3643 1099 3689 0.
1149 3641 1183 3690 ‘20
1193 3637 1284 3690 omnis

264 3714 400 3777 Prnpr:
421 3716 557 3763 0100000.
613 3713 647 3761 23
666 3707 712 3779 nc]
727 3712 804 3761 fior.
861 3714 894 3760 25
913 3707 1043 3779 facienti]
1060 3708 1184 3761 faciendi
1198 3713 1229 3760 v.

264 3779 391 3833 finitimis
411 3787 436 3833 1:
465 3780 567 3835 finibus
586 3788 616 3836 Δ.
708 3780 898 3850 satraparum]
922 3780 1121 3848 satrapharum
1139 3784 1159 3831 Β
1178 3797 1285 3848 0100,

264 3854 477 3919 satarapaarum
491 3859 519 3919 L,
540 3852 750 3923 satraphrarum
768 3856 800 3904 V.
856 3857 889 3904 26
910 3851 1066 3922 cognoscit]
1087 3854 1237 3921 cognoscet
1256 3857 1284 3903 1³.
