3150 4459
297 438 364 502 246
679 436 710 502 Q.
731 435 839 491 CURTI
857 435 945 489 RUFI

296 603 386 666 velut
408 600 491 665 freni
516 600 709 665 domitarum
734 599 887 686 gentium,
911 620 997 663 nunc
1016 598 1152 684 originis
1173 622 1260 665 suae
1282 601 1337 665 ob·

297 693 356 755 lita
380 690 532 768 serviunt,
556 690 674 774 quibus
697 692 945 773 imperaverunt.

243 786 281 839 XI
364 779 409 843 Et
437 784 543 845 cetera
571 780 700 864 quidem
727 782 899 863 pacaverat
920 800 986 841 rex.
1032 776 1106 843 Una
1128 781 1201 842 erat
1227 784 1336 863 petra,
1351 783 1384 838 il

299 890 396 953 qnam
419 868 605 933 Ariamazes
635 868 816 954 Sogdianus
850 889 921 931 oum
950 884 1024 930 xxx
1055 866 1190 931 milibus
1226 891 1336 934 arma·

297 964 406 1023 torum
431 958 598 1023 obtinebat
622 958 783 1022 alimentis
807 961 882 1021 ante
907 957 1079 1042 congestis,
1107 977 1190 1039 quae
1215 961 1336 1023 tantae
1363 984 1375 1023 1

262 1048 500 1112 amultitudini
532 1050 584 1111 vel
615 1070 674 1132 per
705 1047 871 1111 biennium
905 1049 1121 1130 suppeterent.
1167 1044 1275 1111 Petra
1299 1048 1360 1112 inv

298 1137 503 1202 altitudinem
526 1154 599 1200 xxx
632 1137 752 1201 eminet
780 1136 899 1218 stadia,
931 1135 1111 1199 circuitnc
1140 1138 1173 1199 et
1197 1152 1221 1197 L
1256 1158 1335 1202 con-

297 1227 464 1311 plectitur:
483 1225 625 1310 undique
645 1226 771 1290 abscisa
789 1229 822 1289 et
841 1225 980 1308 abrupta
998 1223 1112 1290 semita
1126 1230 1337 1311 perangusta

262 1333 278 1379 3
298 1316 412 1380 aditur.
445 1313 484 1380 In
502 1315 609 1380 medio
629 1313 811 1379 altitudinis
831 1314 936 1398 spatio
955 1313 1054 1379 habet
1070 1334 1212 1397 specum,
1234 1316 1335 1379 cuius

298 1427 332 1469 os
360 1409 467 1469 artum
495 1409 528 1468 et
556 1405 730 1473 obscurum
754 1407 815 1468 est:
849 1403 1006 1488 paulatim
1030 1401 1144 1466 deinde
1168 1403 1335 1469 ulteriora
1351 1432 1376 1471 10

297 1493 492 1578 panduntur,
515 1493 631 1558 ultima
654 1493 751 1557 etiam
770 1494 853 1557 altos
872 1514 1016 1557 recessus
1035 1491 1164 1556 habent.
1202 1490 1334 1559 Fontes

298 1604 356 1667 per
373 1586 480 1647 totum
498 1582 566 1647 iere
586 1605 716 1665 specum
734 1585 878 1665 manant,
896 1603 914 1645 e
933 1581 1051 1664 quibus
1071 1584 1207 1646 collatae
1222 1604 1335 1667 aquae

263 1693 356 1757 sper
377 1694 481 1756 prona
505 1672 624 1736 montis
647 1673 769 1735 flumen
793 1672 955 1735 emittunt.
1001 1669 1071 1734 Rex
1098 1669 1161 1734 looi
1186 1670 1336 1737 difficul-

299 1765 364 1825 tate
388 1764 533 1846 spectata
555 1764 712 1826 statuerat
730 1760 805 1824 inde
826 1760 928 1824 abire:
952 1760 1069 1846 cupido
1090 1758 1204 1824 deinde
1223 1760 1334 1827 inces-

264 1851 343 1917 0011
375 1851 483 1915 animo
517 1856 666 1915 naturam
699 1870 828 1933 quoque
860 1848 1027 1935 fatigandi.
1087 1848 1181 1913 Prius
1213 1853 1334 1917 tamen
1351 1878 1376 1919 11

300 1962 396 2023 quam
420 1941 584 2005 fortunam
609 1939 787 2004 obsidionis
811 1940 1019 2023 experiretur,
1043 1936 1176 2021 Cophen
1199 1976 1247 1985 —
1268 1939 1333 2004 Ar·

299 2029 404 2093 tabazi
428 2029 482 2093 hio
504 2029 590 2093 filius
614 2033 683 2094 erat
708 2066 748 2075 -
772 2029 862 2093 misit
885 2027 925 2092 ad
948 2027 1113 2112 barbaros,
1136 2026 1193 2110 qni
1211 2030 1332 2094 suade-

299 2123 357 2201 ret,
379 2122 417 2183 ut
440 2118 592 2184 dederent
609 2140 730 2203 rupem.
768 2118 953 2182 Ariamazes
971 2119 1043 2182 1000
1063 2117 1165 2181 fretus
1184 2120 1332 2200 superbe

299 2209 401 2272 multa
423 2209 600 2292 respondit,
629 2208 671 2272 ad
692 2209 855 2290 ultimum,
878 2229 919 2270 an
941 2205 1123 2271 Alexander
1146 2206 1244 2270 etiam
1270 2230 1330 2273 vo-

264 2300 365 2363 01010
388 2301 506 2382 posset,
532 2298 719 2383 interrogat.
767 2294 855 2373 Quae
878 2296 1028 2360 nuntiata
1050 2296 1120 2381 regi
1143 2296 1190 2359 sio
1214 2317 1333 2362 accen·
1350 2327 1378 2367 10

300 2388 374 2450 dere
397 2386 550 2464 animum,
573 2391 612 2450 ut
633 2385 795 2464 adhibitis,
819 2408 892 2450 cum
913 2385 1031 2470 quibus
1052 2386 1234 2450 consultare
1259 2392 1333 2452 erat

301 2476 430 2559 solitus,
462 2476 619 2541 indicaret
650 2477 857 2540 insolentiam
890 2474 1019 2540 barbari
1043 2474 1202 2539 eludentis
1226 2473 1334 2561 ipsos,

301 2566 377 2649 quia
409 2566 525 2648 pinnas
557 2588 624 2629 non
656 2565 824 2629 haberent:
858 2586 892 2629 se
920 2568 1028 2628 autem
1060 2564 1208 2647 proxima
1230 2571 1334 2631 nocte

266 2674 280 2721 1
301 2656 500 2738 effecturum,
523 2660 561 2719 ut
583 2654 929 2719 crederetMacedones
954 2652 1053 2718 etiam
1076 2655 1191 2717 volare.
1227 2653 1333 2739 ‘occ',

301 2745 421 2828 inquit,
455 2744 706 2827 ‘pernicissimos
738 2744 869 2807 iuvenes
902 2764 941 2806 ex
970 2743 1037 2806 suis
1062 2742 1198 2826 quisque
1222 2744 1332 2827 copiis
1350 2772 1377 2812 11

302 2833 467 2916 perducite
491 2834 613 2918 adme,
640 2835 696 2917 qui
720 2855 778 2917 per
801 2836 897 2897 calles
922 2835 954 2896 et
977 2853 1078 2916 paene
1101 2831 1205 2894 invias
1229 2853 1332 2916 rupes

265 2923 388 2988 ademi
417 2943 535 3007 pecora
563 2945 658 3009 agere
687 2923 940 2988 consueverant'.
987 2920 1040 2986 Illi
1070 2923 1273 3005 praestantes
1299 2929 1334 2988 et

374 3195 388 3242 1
409 3189 489 3261 suae]
508 3206 559 3242 sua
577 3194 605 3241 Ρ.
666 3195 683 3241 4
702 3188 863 3241 Ariamazes
883 3187 993 3257 scripsi:
1014 3187 1149 3241 arimazes
1168 3191 1198 3240 Δ.
1263 3204 1333 3242 cum

302 3278 352 3316 om.
367 3266 395 3313 Ρ.
447 3260 637 3331 babtinebat]
653 3260 795 3314 obtinebit
804 3264 832 3311 Ρ.
885 3264 918 3312 10
933 3258 1081 3330 ulteriora]
1096 3259 1133 3312 ad
1146 3258 1286 3312 ulteriora
1301 3264 1331 3315 B.

303 3338 335 3386 11
356 3331 429 3386 altos
449 3338 474 3386 1:
495 3332 569 3385 altus
589 3338 619 3385 Δ.
703 3337 736 3384 12
755 3347 872 3400 specum
890 3336 922 3384 P:
943 3330 1068 3400 spatium
1088 3336 1112 3383 0.
1195 3330 1341 3404 14111110]-

303 3403 405 3457 deinde
424 3409 492 3457 Pm.
502 3421 549 3473 pr.
613 3408 646 3457 16
666 3403 781 3471 Cophen
800 3403 969 3457 Frobeniua:
990 3401 1100 3471 cophan
1119 3406 1149 3455 Δ.
1210 3406 1243 3454 17
1264 3420 1333 3457 sua-

303 3475 394 3546 deret]
419 3475 552 3529 suaderat
572 3480 600 3527 P.
692 3481 726 3529 18
745 3475 906 3528 Ariamazes
930 3476 1040 3543 scripsi:
1065 3472 1201 3527 arimazas
1220 3479 1247 3539 c,
1267 3475 1333 3528 aui-

302 3562 396 3601 mazos
415 3553 443 3601 P.
517 3546 636 3614 superbe
656 3554 682 3600 1:
703 3545 825 3615 superba
843 3551 872 3613 Ρ,
892 3545 1042 3614 superbiae
1061 3552 1086 3598 0.
1167 3550 1199 3598 19
1220 3560 1256 3597 an
1276 3563 1332 3602 om.

302 3624 372 3673 Bm.
383 3635 429 3687 pr.
504 3618 590 3671 etiam
608 3618 703 3672 volare
722 3624 754 3672 P:
774 3616 872 3671 uolare
892 3623 917 3670 c.
996 3622 1031 3671 20
1050 3616 1219 3688 interrogat]
1240 3615 1333 3672 inter-

303 3693 403 3761 rogaet
416 3696 443 3743 P.
500 3695 532 3742 21
554 3689 703 3761 adhibitis]
723 3688 842 3743 adibitis
856 3694 884 3743 P.
945 3694 979 3741 23
998 3688 1147 3759 haberent]
1168 3686 1288 3741 aberent
1302 3695 1332 3744 Ρ.

304 3769 338 3817 24
358 3761 497 3832 crederet]
517 3761 663 3815 crederent
681 3767 709 3814 Ρ.
806 3766 840 3813 26
859 3760 962 3832 paene]
981 3776 1071 3831 poene
1090 3765 1117 3814 P.
1209 3763 1243 3813 27
1264 3776 1333 3816 eon-

305 3836 453 3891 sueverant
471 3841 501 3889 0:
521 3836 689 3890 consuerant
707 3838 735 3887 P.
