3150 4459
449 489 703 544 HISTORIARUM
721 489 938 543 ALEXANDRI
956 489 1028 557 Vni,
1047 496 1072 544 2.
1205 489 1269 553 261

249 658 336 717 metu
359 676 454 737 posse
478 654 618 737 conpelli
641 658 731 717 ratus
749 653 892 719 Oxarten
915 654 1005 718 misit
1028 653 1170 719 nationis
1189 653 1272 717 eius-

248 744 327 825 dem,
359 744 414 808 sed
438 743 575 807 dicionis
599 765 685 826 suae,
713 744 769 827 qui
794 744 942 808 suaderet
966 742 1048 826 duci,
1071 746 1109 806 ut
1130 743 1272 807 traderet

247 837 381 916 petram.
427 832 562 897 Interim
593 832 631 896 ad
663 832 843 918 aagendam
871 832 1076 897 formidinem
1105 836 1138 896 et
1166 837 1271 897 turres
1291 850 1325 897 26

250 922 504 987 admovebantur
523 927 555 986 et
573 943 707 987 excussa
726 924 898 987 tormentis
917 922 983 985 tela
1001 922 1171 986 micabant.
1209 920 1272 985 Ita·

221 1034 310 1094 sque
335 1011 487 1076 verticem
507 1014 617 1094 petrae
641 1012 730 1075 omni
753 1012 817 1075 alio
831 1010 1002 1095 ‘praesidio
1022 1010 1173 1076 damnato
1193 1011 1273 1095 peti-

247 1104 371 1165 verunt.
408 1099 453 1164 Ar
468 1099 604 1164 Oxartes
624 1101 785 1185 trepidum
806 1100 1070 1184 diffidentemque
1089 1100 1186 1164 rebus
1205 1100 1272 1165 suis
1292 1117 1326 1165 27

249 1189 456 1254 Sisimithren
479 1191 587 1273 coepit
610 1190 747 1274 hortari,
779 1194 817 1253 ut
839 1189 935 1255 fidem
960 1211 1056 1273 quam
1079 1190 1146 1254 vim
1170 1188 1273 1253 Mace-

248 1280 367 1342 donum
401 1282 512 1343 mallet
546 1279 685 1363 experiri
717 1301 779 1343 neu
813 1283 994 1344 moraretur
1031 1278 1273 1343 festinationem

248 1369 379 1432 victoris
412 1368 571 1432 exercitus
604 1369 638 1431 in
670 1368 796 1433 Indiam
828 1368 1003 1433 tendentis:
1042 1369 1094 1433 cui
1126 1367 1273 1452 quisquis

208 1488 234 1524 10
249 1461 351 1521 semet
374 1458 512 1539 offerret,
536 1458 570 1521 in
589 1480 683 1522 suum
703 1462 800 1542 eaput
819 1457 956 1521 alienam
975 1458 1098 1522 cladem
1118 1479 1187 1521 esse
1205 1478 1274 1520 ver-

249 1569 380 1628 surum„
413 1547 458 1611 Et
491 1547 559 1631 ipse
593 1547 724 1630 quidem
748 1546 948 1611 Sisimithres
981 1546 1178 1611 deditionem
1211 1566 1275 1611 uon
1294 1563 1327 1611 28

249 1637 419 1719 abnuebat,
443 1639 584 1737 ceterum
606 1640 709 1700 mater
728 1636 903 1721 eademque
922 1636 1064 1701 coniunx
1082 1635 1274 1700 morituram

249 1748 282 1788 se
307 1730 380 1789 ante
404 1726 606 1808 denuntians,
630 1748 728 1809 quam
752 1726 787 1788 in
809 1726 909 1790 ullius
928 1726 1052 1790 veniret
1070 1729 1275 1809 potestatem,

249 1815 376 1878 barbari
404 1816 547 1878 animum
571 1816 610 1878 ad
634 1815 822 1879 honestiora
846 1836 942 1897 quam
966 1816 1088 1879 tutiora
1112 1819 1275 1879 converte·

209 1932 234 1971 n
249 1907 315 1985 rat,
352 1903 557 1987 pudebatque
589 1904 750 1967 libertatis
782 1905 887 1968 maius
920 1925 989 1968 esse
1022 1904 1107 1987 apud
1139 1903 1275 1968 feminas

251 1993 456 2076 quamapud
479 1994 566 2056 viros
589 1994 740 2075 pretium.
779 1991 895 2076 Itaque
919 1992 1056 2067 dimisso,
1075 1992 1274 2058 internuntio
1294 2012 1328 2058 29

251 2083 339 2164 pacis
372 2082 575 2146 obsidionem
606 2082 690 2147 ferre
724 2083 915 2147 decreverat.
970 2080 1032 2146 Sed
1066 2105 1140 2148 cum
1172 2082 1275 2147 hostis

250 2172 333 2234 vires
357 2193 496 2254 suasque
519 2176 678 2254 pensaret,
701 2193 814 2236 rursus
838 2170 1005 2236 muliebris
1029 2172 1165 2255 consilii,
1189 2172 1276 2255 quod

250 2282 403 2344 praeceps
427 2261 532 2345 magis
556 2283 651 2344 quam
675 2262 892 2326 necessarium
920 2282 989 2325 esse
1013 2262 1171 2344 credebat,
1203 2284 1275 2346 pae

209 2350 352 2417 annitere
375 2373 449 2414 eum
474 2350 589 2433 eoepit.
636 2350 864 2434 Revocatoque
889 2354 1018 2415 strenue
1042 2349 1162 2416 Oxarte
1189 2351 1275 2415 futu·
1294 2368 1329 2416 30

250 2462 323 2502 rum
348 2461 381 2503 se
405 2437 439 2502 in
457 2440 544 2525 regis
563 2442 724 2523 potestate
743 2440 920 2524 respondit,
944 2462 1043 2505 unum
1062 2440 1096 2504 id
1114 2443 1275 2524 precatus,

250 2551 289 2593 ne
313 2528 513 2593 voluntatem
539 2532 571 2593 et
595 2529 766 2593 consilium
791 2530 905 2593 matris
929 2551 1005 2593 suae
1025 2530 1185 2613 proderet,
1210 2550 1274 2613 quo

250 2618 377 2682 facilius
410 2618 504 2681 venia
536 2618 586 2682 illi
619 2640 747 2702 quoque
780 2619 1003 2702 inpetraretur.
1058 2619 1276 2683 Praemissum
1295 2636 1327 2684 31

250 2708 351 2792 igitur
374 2705 517 2771 Oxarten
545 2729 618 2774 oum
646 2711 749 2772 matre
778 2707 955 2791 liberisque
979 2712 1011 2771 et
1034 2708 1136 2772 totius
1160 2728 1275 2793 cogna-

210 2824 235 2864 25
250 2797 349 2861 tionis
386 2818 485 2882 grege
523 2796 718 2880 sequebatur
753 2820 794 2861 ne
831 2800 1000 2880 expectato
1040 2796 1169 2880 quidem
1199 2798 1275 2861 fidei

251 2885 401 2971 pignore,
434 2886 520 2969 quod
545 2883 680 2950 Oxartes
708 2887 909 2970 promiserat.
957 2886 1027 2949 Rex
1055 2886 1164 2969 equite
1186 2908 1276 2971 prae·
1296 2904 1329 2951 32

325 3105 339 3151 1
360 3097 483 3151 Oxarten
500 3098 628 3152 Modica:
647 3099 764 3150 exartan
779 3103 809 3163 P,
824 3099 942 3150 oxortan
956 3101 1015 3164 PL,
1035 3098 1151 3150 exortan
1165 3102 1221 3151 Π.

252 3168 388 3239 nationis]
414 3167 542 3221 nacionis
561 3175 580 3220 Ι.
597 3187 631 3222 m.
646 3186 688 3237 pr.
703 3174 734 3222 V.
826 3167 995 3240 2dicionis]
1024 3167 1208 3235 dicrimine,
1234 3167 1277 3222 di-

252 3240 337 3293 tionis
357 3246 385 3294 P.
467 3239 573 3310 ltela]
592 3239 649 3293 tela
667 3246 736 3293 Pm.
748 3256 793 3308 pr.
872 3240 1055 3311 adamnato]
1075 3240 1228 3308 dampnato
1248 3246 1275 3292 P.

252 3318 267 3364 6
288 3312 417 3394 Oxartes]
441 3312 589 3364 hocxartes
609 3317 636 3364 P.
748 3317 762 3363 7
785 3310 964 3365 Sisimithren
983 3318 1016 3365 P:
1045 3311 1230 3365 sisimithrem
1250 3317 1274 3365 0.

252 3390 267 3434 8
288 3383 511 3453 festinationem]
533 3382 749 3436 festinacionem
767 3387 836 3436 Luc.
847 3399 893 3452 pr.
908 3388 939 3436 V.
1014 3388 1047 3435 10
1067 3383 1164 3454 caput]
1184 3384 1277 3452 capud

251 3460 307 3508 PV.
401 3462 432 3507 11
458 3454 630 3507 Sisimithres
653 3455 765 3523 scripsi:
793 3453 966 3508 sisimethres
990 3459 1073 3521 ΗΡ,
1097 3454 1276 3508 sisemethres

252 3531 308 3578 BV.
417 3543 484 3580 noa
508 3526 651 3579 abnuebat
671 3526 825 3580 Kinctiua:
854 3524 998 3579 abnuebat
1021 3532 1054 3592 P,
1082 3525 1226 3579 annuebat
1250 3531 1276 3580 0.

254 3604 286 3651 12
314 3598 446 3669 coniunx]
474 3598 575 3650 coniux
600 3604 626 3651 0.
736 3596 914 3668 morituram]
939 3596 1106 3651 moriturum
1132 3602 1152 3649 B
1174 3615 1207 3651 nr.
1233 3614 1276 3665 pr.

253 3676 286 3723 16
305 3670 440 3741 pretium]
458 3669 556 3740 poium
574 3675 656 3723 ΕΠ.
736 3674 768 3722 17
788 3668 951 3740 ferrelfere
970 3675 1038 3723 Pm.
1051 3687 1095 3737 pr.
1174 3668 1276 3740 hostis]
1316 3731 1320 3738 ι

252 3742 321 3794 ostis
345 3748 418 3794 Lm.
433 3760 479 3809 pr.
589 3746 622 3793 21
652 3741 807 3812 potestate]
831 3742 1002 3808 potestatem
1021 3747 1048 3794 P.
1158 3740 1188 3792 id
1214 3756 1275 3809 pre-

253 3815 331 3866 catus
354 3814 502 3868 Heinsius:
526 3812 687 3883 inprecatus
706 3816 736 3866 A.
831 3816 864 3866 23
888 3811 1079 3883 inpetraretur
1097 3818 1127 3867 σε
1152 3812 1276 3880 inpetra-

252 3887 296 3937 ret
314 3890 341 3939 P.
