3150 4459
332 412 376 476 94
712 412 743 478 Q.
764 411 873 465 CURTI
891 412 977 465 RUFI

333 581 414 660 sent,
447 577 582 661 providi,
613 578 730 661 locum,
764 578 797 641 in
831 599 894 660 quo
928 578 1012 641 acies
1045 576 1201 660 explicari
1234 580 1352 659 posset,

280 683 312 731 13
333 666 425 752 elegi.
471 665 583 731 Cetera
610 668 645 731 in
672 670 779 732 vestra
807 670 967 750 potestate
995 670 1082 730 sunt:
1113 666 1227 729 audete
1255 665 1351 729 modo

332 757 458 821 vincere
481 756 674 840 famamque,
697 757 954 821 infirmissimum
973 755 1124 819 adversus
1144 754 1246 819 fortes
1267 756 1352 819 viros

333 848 443 929 telum,
474 846 678 910 contemnite.
731 845 908 911 Temeritas
940 849 997 928 est,
1018 846 1125 928 'quam
1156 844 1262 908 adhuc
1294 866 1352 928 pro
1366 848 1396 904 54

332 936 451 999 virtute
479 936 648 1000 timuistis:
678 957 759 1017 quae
787 935 843 999 ubi
871 936 1013 1018 primum
1042 935 1200 1016 impetum
1230 933 1353 1015 effudit,
1379 960 1388 998 s

281 1040 314 1088 14
331 1025 421 1090 velut
458 1024 614 1107 quaedam
647 1025 797 1088 animalia
828 1025 944 1088 emisso
977 1022 1098 1107 aculeo,
1131 1028 1247 1107 torpet.
1312 1022 1352 1085 Hi

332 1135 407 1178 vero
444 1115 549 1197 campi
579 1114 815 1198 deprehendere
847 1115 1057 1198 paucitatem,
1092 1134 1188 1195 quam
1221 1110 1353 1176 Ciliciae

331 1207 458 1276 montes
491 1203 732 1268 absconderant.
779 1202 905 1267 Videtis
939 1202 1066 1266 ordines
1099 1224 1198 1284 raros,
1233 1222 1355 1265 cornua

332 1297 471 1375 extenta,
494 1292 632 1356 mediam
657 1294 757 1358 aciem
782 1291 926 1377 [vanam]
950 1291 1152 1357 exhaustam:
1179 1313 1254 1354 nam
1280 1291 1354 1355 ulti-

332 1384 386 1465 mi,
410 1403 491 1465 quos
514 1384 635 1446 locavit
658 1404 796 1466 aversoS,
820 1386 910 1468 terga
933 1382 998 1445 iam
1021 1381 1183 1465 praebent.
1231 1378 1393 1462 Obte1·i,1o

332 1470 528 1556 mehercule,
557 1493 714 1555 equorum
742 1472 872 1557 ungulis
900 1474 1051 1554 possunt,
1084 1470 1182 1533 etiam
1214 1471 1241 1534 si
1269 1469 1355 1533 nihil

280 1565 458 1643 repraeter
484 1561 620 1625 falcatos
652 1583 762 1626 currus
792 1562 935 1625 emisero
986 1559 1031 1624 Et
1057 1559 1143 1624 bello
1171 1560 1355 1641 vicerimus,

333 1652 360 1714 si
382 1650 518 1714 vicimus
541 1650 674 1733 proelio.
709 1649 795 1714 Nam
813 1672 854 1713 ne
872 1650 938 1713 illis
958 1649 1088 1731 quidem
1112 1648 1152 1712 ad
1171 1649 1285 1734 fugam
1309 1649 1355 1713 lo-

333 1761 388 1804 cus
408 1744 469 1803 est:
487 1739 564 1803 hinc
582 1738 775 1824 Euphrates,
794 1738 885 1803 illinc
904 1738 1010 1824 Tigris
1029 1739 1181 1821 prohibet
1200 1738 1353 1801 inclusos.

280 1844 312 1893 le
332 1827 384 1911 Et,
415 1851 498 1911 quae
528 1832 623 1893 antea
652 1851 711 1913 pro
742 1829 808 1893 illis
839 1832 938 1910 erant,
968 1829 1002 1890 in
1034 1828 1231 1891 contrarium
1262 1849 1355 1891 versa
1371 1854 1395 1892 rs

332 1923 416 1983 sunt.
461 1917 620 1982 Nostrum
643 1918 763 1983 mobile
786 1922 819 1982 et
840 1917 1025 2003 expeditum
1049 1937 1165 2002 agmen
1189 1920 1247 1999 est,
1271 1916 1354 1980 illud

332 2008 450 2091 praeda
469 2029 574 2092 grave.
620 2006 796 2091 lnplicatos
816 2029 893 2093 ergo
913 2007 1025 2089 spoliis
1044 2007 1163 2070 nostris
1178 2006 1353 2070 trucidabi-

331 2119 412 2179 mus,
436 2096 611 2180 eademque
637 2120 688 2161 res
717 2101 749 2161 et
773 2118 869 2161 causa
897 2098 957 2160 erit
980 2097 1134 2161 victoriae
1163 2100 1195 2159 et
1218 2096 1353 2159 fructus.

280 2203 311 2250 17
332 2185 456 2262 Quodsi
485 2206 581 2270 quem
614 2210 631 2250 e
663 2186 755 2251 vobis
787 2207 907 2250 nomen
939 2186 1044 2270 gentis
1076 2188 1199 2269 movet,
1232 2185 1355 2270 cogitet

332 2275 543 2339 Macedonum
576 2275 645 2340 illic
677 2297 766 2339 arma
798 2297 881 2358 esse,
913 2297 979 2338 non
1012 2296 1155 2358 corpora.
1210 2273 1351 2338 Multum
1369 2300 1394 2338 20

332 2366 418 2428 enim
442 2365 632 2451 sanguinem
656 2366 795 2429 invicem
819 2365 995 2449 hausimus,
1019 2369 1051 2428 et
1075 2386 1201 2446 semper
1223 2365 1355 2447 gravior

280 2468 312 2517 18
332 2455 365 2517 in
385 2455 548 2538 paucitate
568 2454 690 2519 iactura
709 2459 766 2518 est.
813 2454 898 2518 Nam
913 2451 1105 2537 Alexander,
1124 2457 1354 2536 quantuscum-

333 2566 395 2627 que
418 2544 544 2630 ignavis
569 2547 601 2607 et
624 2544 746 2608 timidis
770 2544 874 2608 videri
896 2547 1013 2625 potest,
1036 2565 1137 2606 unum
1161 2541 1281 2606 animal
1306 2548 1354 2606 est

332 2637 373 2715 ct,
396 2635 424 2696 si
442 2633 521 2717 quid
539 2633 621 2697 mihi
640 2633 779 2715 creditis,
802 2633 1008 2697 temerarium
1032 2636 1064 2697 et
1082 2653 1224 2714 vaecors,
1248 2631 1353 2696 adhuc

279 2738 311 2787 19
332 2728 444 2787 nostro
467 2743 587 2806 pavore
607 2745 703 2806 quam
728 2746 786 2787 sua
804 2723 924 2787 virtute
943 2721 1078 2785 felicius.
1125 2719 1219 2785 Nihil
1243 2725 1352 2785 autem
1366 2746 1391 2786 rs

331 2816 439 2895 potest
472 2834 540 2876 esse
573 2812 771 2896 diuturnum,
806 2813 857 2876 cui
889 2833 954 2876 non
984 2811 1094 2876 subest
1122 2812 1214 2875 ratic.
1261 2809 1352 2874 Licet

331 2901 470 2965 felicitas
494 2901 658 2985 adspirare
676 2900 833 2984 videatur,
856 2904 965 2964 tamen
989 2900 1029 2963 ad
1049 2901 1202 2964 ultimum
1225 2900 1352 2963 temeri·

331 2991 390 3054 tati
413 3012 480 3054 non
503 2990 633 3055 sufficit.
679 2990 848 3056 Praeterea
871 2991 984 3054 breves
1015 2994 1046 3054 et
1069 2988 1241 3053 mutabiles
1265 2988 1352 3053 vices

330 3101 437 3143 rerum
461 3084 545 3162 sunt,
574 3084 606 3145 et
628 3079 760 3145 fortuna
781 3102 958 3163 numquam
983 3079 1173 3161 simpliciter
1197 3078 1351 3163 indulget.

278 3186 312 3233 20
331 3168 481 3233 Forsitan
509 3170 554 3233 ita
578 3170 623 3233 dii
645 3169 713 3234 feta
737 3169 969 3251 ordinaverint,
1000 3172 1037 3232 ut
1059 3168 1229 3232 Persarum
1253 3169 1352 3250 impe·
1367 3193 1392 3231 ao

403 3309 585 3381 utimuistis]
604 3310 727 3364 timuisti
745 3305 776 3364 V.
868 3312 998 3378 ttorpet
1016 3314 1041 3361 1:
1061 3309 1175 3377 torpent
1193 3312 1223 3361 A.
1316 3306 1353 3360 Hi

332 3384 461 3436 Merula:
480 3381 502 3434 ii
516 3386 546 3435 A.
607 3387 623 3435 9
643 3382 769 3453 [vanam]
789 3382 882 3435 delevi.
943 3380 1109 3434 exhaustam
1124 3386 1149 3433 1:
1170 3379 1352 3446 exhaustae,

332 3456 450 3507 exausta
468 3459 488 3505 P
506 3472 541 3508 m.
558 3470 602 3521 pr.
696 3458 728 3506 10
747 3454 870 3524 aversos]
892 3452 1028 3506 aduersus
1047 3457 1068 3503 F
1086 3469 1121 3505 aa.
1136 3468 1181 3520 pr.
1277 3457 1307 3504 11
1329 3450 1353 3503 si

330 3525 403 3577 nihil
421 3531 453 3577 1³:
474 3525 497 3577 si
515 3524 588 3577 nilc
608 3524 705 3595 [simul
723 3530 744 3576 12
762 3542 796 3577 m.
808 3524 875 3594 pr.].
933 3528 965 3576 13
984 3523 1101 3577 vicimus
1121 3529 1146 3576 1:
1166 3522 1306 3575 uincimus
1321 3526 1351 3575 A.

333 3602 366 3649 14
380 3596 484 3668 Tigris]
495 3596 585 3667 tygris
596 3600 678 3651 BEV.
736 3602 768 3649 15
786 3596 969 3667 eontrarium]
981 3594 1151 3649 contrariam
1161 3600 1189 3647 L.
1246 3600 1279 3648 16
1293 3610 1353 3647 mo-

330 3667 400 3740 bile]
419 3667 514 3722 nobile
529 3674 556 3721 P.
637 3669 677 3740 et]
697 3686 747 3723 cm.
763 3674 792 3722 F.
876 3667 1024 3737 laquem]
1047 3665 1351 3735 quideum.pr.V.

331 3745 363 3792 21
384 3739 541 3811 hausimus]
561 3739 685 3793 ausimus
699 3745 726 3793 1..
793 3745 827 3793 24
846 3739 927 3809 quid]
947 3738 1009 3806 quit
1023 3743 1051 3791 Ρ.
1116 3736 1221 3807 adhuc]
1236 3737 1310 3790 aduc
1324 3742 1351 3790 1..

331 3818 365 3865 26
385 3811 507 3882 felicius]
524 3810 625 3864 filicius
639 3817 666 3865 Ρ.
