3150 4459
440 489 693 544 HISTORIARUM
711 488 928 543 ALEXANDRI
946 487 1019 559 vni,
1040 494 1064 541 6.
1199 486 1265 552 275

243 675 340 736 quam
359 654 439 716 alias
459 654 627 718 adlocutus
646 653 810 718 discedere
830 673 883 716 eos
903 653 943 717 a'd
962 652 1103 716 curanda
1122 673 1266 735 corpora,

243 743 396 823 quoniam
419 746 490 807 tota
512 747 607 807 nocte
630 744 857 826 perstitissent,
881 741 979 805 iubet.
1022 741 1107 805 Data
1130 741 1266 826 singulis

243 849 264 893 n
285 832 441 915 sestertia,
461 832 719 916 conlaudatique,
743 831 830 916 quod
850 831 946 895 etiam
966 830 1040 894 aliis
1059 830 1178 894 tradita
1196 830 1266 895 vice

190 924 227 977 23
242 925 350 984 tamen
382 921 540 985 excubare
571 925 838 1005 perseverassent.
884 918 938 985 Illi
971 923 1063 984 tanta
1090 941 1147 1003 spe
1170 918 1267 983 desti·
1286 938 1321 985 20

215 1011 306 1073 stuti
329 1010 443 1074 domos
467 1011 593 1075 abeunt.
634 1011 678 1075 Et
701 1011 800 1074 ceteri
824 1010 954 1094 quidem
974 1009 1187 1092 expectabant
1205 1012 1268 1073 sta·

242 1100 341 1162 tionis
365 1122 440 1165 suae
463 1104 606 1166 noctem:
630 1100 805 1184 Epimenes
826 1101 894 1164 sive
913 1099 1065 1163 comitate
1084 1098 1180 1182 regis,
1204 1120 1269 1181 qua

242 1189 350 1272 ipsum
369 1190 455 1254 inter
472 1190 658 1254 coniuratos
678 1193 854 1274 exceperat,
874 1192 1006 1273 repente
1024 1191 1179 1269 mutatus,
1200 1188 1267 1251 sive

243 1279 320 1361 quia
351 1280 475 1362 coeptis
504 1279 580 1344 deos
608 1278 738 1344 obstare
766 1277 930 1361 credebat,
963 1276 1057 1342 fratri
1081 1299 1140 1341 suo
1164 1276 1267 1360 Eury·
1367 1360 1369 1363 Α

241 1366 347 1450 locho,
366 1390 462 1451 quem
482 1373 576 1433 antea
595 1372 760 1452 expertem
780 1390 849 1433 esse
868 1366 997 1432 consilii
1015 1366 1170 1449 voluerat,
1190 1366 1269 1450 quid

201 1462 417 1541 repararetur,
450 1459 563 1541 aperit.
624 1456 783 1522 Omnibus
813 1456 962 1521 Philotae
1000 1455 1196 1539 supplicium
1234 1456 1268 1519 in
1288 1474 1319 1520 21

243 1546 344 1610 oculis
369 1550 449 1611 erat:
482 1548 593 1630 itaque
616 1547 765 1631 protinus
789 1547 882 1611 inicit
904 1546 1000 1609 fratri
1023 1567 1155 1610 manum
1180 1549 1212 1608 et
1234 1544 1269 1608 in

243 1636 365 1720 regiam
388 1639 536 1720 pervenit
555 1637 768 1719 excitatisque
789 1635 978 1699 custodibus
998 1636 1143 1718 corporis
1163 1635 1203 1698 ad
1222 1656 1269 1697 sa-

241 1724 343 1788 lutem
376 1727 463 1811 regis
495 1726 669 1810 pertinere,
707 1747 789 1810 qnae
822 1724 974 1807 adferret,
1012 1725 1169 1788 adfirmat.
1225 1724 1270 1787 Et
1288 1741 1322 1789 aa

242 1817 379 1897 tempus,
399 1837 462 1898 quo
482 1819 645 1897 venerant,
665 1819 697 1878 et
715 1815 824 1879 vultus
844 1813 931 1877 haud
950 1836 1026 1878 sane
1046 1813 1150 1879 securi
1169 1813 1270 1877 animi

202 1928 228 1967 ra
242 1904 339 1966 index
371 1906 404 1966 et
431 1904 593 1968 maestitia
623 1927 640 1969 e
671 1904 797 1968 duobus
828 1904 960 1968 alterius
984 1902 1209 1967 Ptolomaeum
1232 1920 1270 1967 ac'

241 1992 444 2056 Leonnatum
468 1992 664 2059 excubantes
688 1993 730 2057 ad
753 1991 894 2057 cubiculi
917 1993 1017 2056 limen
1041 1992 1269 2056 excitaverunt.

242 2080 355 2164 ltaque
383 2082 504 2165 apertis
534 2082 660 2148 foribus
684 2088 716 2147 et
738 2082 862 2147 lumine
885 2084 987 2145 inlato
1012 2082 1156 2166 sopitum
1180 2102 1269 2146 merc

243 2194 279 2234 ac
298 2192 412 2235 somno
432 2172 574 2236 excitant
592 2193 710 2257 regem.
742 2170 803 2236 Ille
822 2171 980 2255 paulatim
998 2174 1106 2235 mente
1127 2174 1270 2255 collecta,

243 2260 321 2344 qnid
345 2260 515 2345 adferrent,
543 2261 731 2346 interrogat.
777 2260 847 2325 Neo
871 2264 1041 2327 cunctatus
1064 2260 1269 2343 Eurylochus
1288 2275 1328 2325 23⁴

201 2375 228 2413 ao
241 2373 309 2414 non
340 2372 379 2413 ex
412 2354 484 2415 toto
517 2350 648 2416 domum
677 2373 768 2415 snam
799 2351 939 2415 aversari
963 2351 1039 2414 deos
1064 2350 1160 2433 dixit,
1194 2351 1270 2434 quia

242 2440 342 2503 frater
370 2440 486 2524 ipsius,
520 2463 716 2524 quamquam
744 2440 883 2524 impium
906 2438 1032 2504 facinus
1056 2461 1152 2503 ausus
1177 2440 1269 2522 foret,

242 2533 352 2593 tamen
383 2534 416 2593 et
444 2530 684 2613 paenitentiam,
706 2531 775 2595 eius
807 2534 917 2615 ageret
947 2533 980 2592 et
1002 2550 1060 2614 per
1084 2552 1117 2593 se
1141 2530 1269 2612 potissi-

242 2642 330 2682 mum
349 2619 557 2703 profiteretur
575 2619 745 2684 indicium:
765 2621 800 2683 in
819 2641 889 2683 eam
909 2618 1013 2701 ipsam
1031 2622 1170 2702 noctem,
1188 2639 1269 2701 quae

243 2708 422 2792 decederet,
455 2708 589 2773 insidias
614 2712 804 2791 conparatas
827 2708 940 2790 fuisse,
971 2711 1118 2772 auctores
1143 2707 1269 2771 scelesti

202 2823 227 2860 ss
243 2797 371 2861 consilii
394 2820 473 2883 esse,
497 2821 578 2882 qnos
602 2798 736 2862 minime
760 2798 904 2862 crederet
927 2818 991 2860 rex.
1038 2795 1122 2860 Tum
1140 2795 1269 2880 Epime·
1289 2814 1323 2861 ar

241 2908 298 2949 nes
338 2892 453 2952 cuncta
493 2888 606 2952 ordine
646 2888 913 2970 consciorumque
953 2886 1086 2950 nomina
1116 2884 1268 2970 exponit.
1308 2908 1309 2913 ¹

243 2974 462 3040 Callisthenen
494 2999 562 3041 non
594 2980 631 3040 ut
659 2976 851 3059 participem
880 2976 1033 3040 facinoris
1065 2975 1269 3040 nominatum

243 3086 311 3128 esse
336 3065 514 3147 constabat,
538 3066 594 3130 sed
618 3065 752 3130 solitum
771 3086 945 3149 puerorum
966 3065 1168 3129 sermonibus
1187 3065 1269 3129 vitu-

316 3248 330 3293 1
342 3240 504 3312 adlocutus]
515 3240 696 3294 adlocututus
706 3246 734 3294 1.
782 3248 798 3295 2
814 3240 961 3310 quoniam]
971 3256 1057 3307 quarn
1066 3245 1094 3294 Ρ.
1142 3242 1269 3295 tsester·

242 3312 296 3381 tia]
316 3312 449 3365 sestercio
463 3317 491 3365 Β.
566 3312 788 3381 conlaudatiquc
802 3312 972 3369 Frobeaias:
993 3311 1228 3380 conlaudatisque
1238 3316 1268 3365 A.

243 3391 259 3435 ὁ
275 3383 419 3453 stationis]
434 3382 568 3438 stacionis
583 3389 613 3438 v.
666 3390 681 3436 6
697 3383 844 3455 comitate]
859 3384 995 3438 comitare
1005 3388 1036 3437 v.
1072 3380 1104 3437 '8
1120 3383 1228 3452 coeptis
1242 3389 1268 3438 1:

243 3455 332 3523 ceptis
352 3461 378 3521 0,
398 3456 492 3524 coepit
505 3460 533 3508 Ρ.
589 3454 749 3524 Eurylocho
770 3456 886 3526 Oospas:
904 3454 1047 3508 eurilochc
1062 3460 1093 3508 A.
1150 3460 1184 3509 10
1204 3454 1272 3507 Phi-·

242 3527 330 3596 lotae]
349 3526 484 3595 phylotae
504 3532 559 3580 Π.
630 3526 814 3598 supplicium]
834 3525 1006 3595 subplicium
1023 3532 1051 3580 P.
1122 3526 1269 3580 15Pt010-

242 3615 354 3651 maeum
372 3600 483 3667 screbat:
503 3598 697 3667 ptholomeum
711 3603 742 3651 Δ.
831 3604 865 3652 19
885 3598 1029 3652 adferrent
1047 3604 1073 3651 1:
1097 3598 1226 3651 adferent
1240 3604 1270 3665 P,-

243 3669 362 3723 afferent
381 3676 407 3723 c.
480 3669 551 3740 Nec]
571 3686 606 3724 ne
625 3677 651 3724 c.
725 3669 902 3739 Eurylochus
923 3670 1039 3738 copes:
1060 3669 1218 3724 eurilochus
1237 3674 1268 3722 Δ.

243 3748 277 3793 ⁶24
297 3742 458 3812 decederet]
473 3743 619 3811 detegeret
633 3747 661 3809 P,
681 3742 799 3795 dederet
812 3747 835 3794 V
849 3759 883 3795 m.
894 3759 940 3810 pr.
1015 3744 1144 3795 auctores
1159 3742 1268 3795 Laeter:

243 3816 354 3866 acturos
374 3818 404 3866 A.
492 3819 527 3867 25
545 3812 709 3884 Epimenes]
735 3813 896 3882 epiemenes
915 3818 1041 3881 Prurpr.
1131 3818 1164 3865 27
1185 3810 1269 3866 Calli·

243 3886 373 3955 sthenen]
394 3884 559 3938 callistenen
578 3890 661 3937 HV.
1186 3907 1188 3910 ·

1072 3969 1130 4023 lb*
