3150 4459
466 436 720 492 HISTORIARUM
738 438 953 493 ALEXANDRI
970 440 1004 507 V,
1025 446 1048 494 1.
1064 446 1088 493 2.
1227 439 1291 503 115

269 603 415 666 mutavit.
462 601 547 666 Nam
585 624 657 666 cum
696 606 769 667 ante
802 604 925 687 equites
963 604 997 667 in
1030 626 1121 668 suam
1155 604 1290 688 quisque

270 695 399 777 gentem
419 691 670 757 discriberentur
689 714 815 757 seorsus
835 715 854 755 a
873 693 996 774 ceteris,
1020 697 1169 777 exempto
1189 694 1290 758 natio·

269 804 347 844 num
368 781 551 846 discrimine
571 782 742 865 praefectis
765 803 833 845 non
851 783 963 864 utique
983 804 1112 846 suarum
1135 784 1291 868 gentium,

270 870 325 933 sed
345 871 477 934 delectis
497 871 654 934 attribuit.
701 870 802 953 Tube,
822 893 895 934 cum
915 874 1018 936 castra
1036 892 1165 936 movere
1183 873 1290 954 vellet,
1311 888 1326 936 7

241 961 398 1044 asignum
429 960 539 1042 dabat,
567 960 658 1024 cuius
687 982 785 1025 sonus
809 961 1000 1043 plerumque
1023 961 1288 1025 tumultuantium

270 1048 402 1113 fremitu
426 1050 590 1113 exoriente
612 1049 700 1113 haud
723 1050 801 1114 satis
826 1049 1068 1113 exaudiebatur:
1093 1071 1169 1135 ergo
1193 1051 1290 1133 perti-

269 1159 354 1220 cam,
378 1159 460 1222 quae
483 1139 626 1221 undique
650 1140 795 1222 conspici
818 1142 941 1222 posset,
972 1161 1070 1222 supra
1091 1140 1289 1222 praetorium

270 1227 397 1310 statuit,
426 1250 465 1291 ex
490 1250 553 1311 qua
577 1229 706 1314 signum
730 1229 874 1292 eminens
898 1228 1020 1311 pariter
1043 1228 1193 1292 omnibus
1217 1249 1290 1293 con-

270 1316 420 1399 spicuum
444 1317 676 1382 observabatur
698 1318 782 1403 ignis
807 1322 915 1400 noctu,
937 1317 1046 1382 fumus
1071 1317 1218 1387 interdiu.

234 1408 253 1463 8
336 1402 469 1488 Iamque
507 1405 589 1470 Susa
626 1407 654 1470 ei
692 1406 819 1471 adituro
851 1406 1015 1489 Abulites,
1047 1408 1189 1492 regionis
1221 1408 1325 1470 eius8

227 1522 253 1559 ιι
269 1493 461 1578 praefectus,
494 1496 561 1559 sive
594 1495 691 1559 Darei
724 1497 823 1578 iussu,
855 1500 892 1559 ut
921 1494 1142 1559 Alexandrum
1172 1494 1290 1580 praeda

269 1584 435 1665 retineret,
464 1585 538 1648 sive·
559 1607 617 1648 sua
645 1588 760 1668 sponte
788 1586 892 1650 filium
917 1584 1046 1649 obviam
1069 1585 1167 1667 misit,
1194 1584 1291 1648 tradi-

269 1677 378 1736 turum
398 1695 432 1737 00
450 1674 562 1737 urbem
583 1673 784 1756 promittens.
832 1674 977 1759 Benigne
996 1675 1143 1738 iuvenem
1163 1673 1291 1757 excepit
1310 1691 1325 1738 9

269 1783 325 1824 rex
349 1765 382 1826 et
401 1762 512 1826 eodem
538 1762 617 1828 duce
640 1760 680 1826 'ad
702 1761 865 1846 Choaspin
889 1784 1016 1826 amnem
1034 1763 1189 1847 pervenit,
1213 1762 1305 1828 deli»

227 1876 254 1916 10
270 1857 389 1932 catam,
416 1856 453 1915 ut
480 1852 567 1915 fama
595 1856 656 1934 est,
685 1851 855 1915 vehentem
878 1873 1005 1933 aquam.
1051 1851 1116 1916 Hic
1138 1851 1290 1917 Abulites

269 1962 342 2004 cum
368 1940 460 2004 donis
489 1941 606 2026 regalis
631 1941 815 2024 opulentiae
844 1940 992 2006 occurrit.
1039 1940 1216 2005 Dromades
1240 1960 1345 2008 ca-10

268 2028 345 2093 meli
368 2031 453 2093 inter
472 2030 556 2094 dona
575 2034 666 2094 erant
683 2030 865 2094 velocitatis
885 2029 1029 2112 eximiae,
1052 2048 1103 2093 XII
1126 2030 1290 2115 elephanti

268 2141 287 2181 a
310 2118 415 2182 Dareo
440 2142 479 2182 ex
497 2118 591 2183 India
610 2120 714 2201 acciti,
738 2121 802 2183 iam
821 2141 888 2184 non
906 2123 1019 2202 terror,
1042 2123 1079 2183 ut
1098 2124 1290 2203 speraverat,

268 2207 490 2291 Macedonum,
511 2209 566 2271 sed
580 2210 745 2290 auxilium,
765 2230 843 2293 opes
861 2208 940 2272 11011
958 2209 999 2272 ad
1012 2210 1169 2273 victorem
1189 2213 1290 2274 110110-

227 2325 254 2363 10
268 2297 390 2361 ferente
413 2297 552 2361 fortuna.
598 2297 644 2361 Ut
666 2320 742 2362 vero
765 2298 880 2362 urbem
903 2298 1045 2380 intravit,
1068 2298 1290 2363 incredibilem
1310 2316 1342 2364 11

268 2409 308 2449 ex
331 2387 490 2451 thesauris
515 2410 673 2451 summam
696 2387 853 2471 pecuniae
876 2388 1002 2472 egessit,
1031 2405 1053 2449 L
1077 2388 1168 2452 milia
1189 2388 1290 2452 talen-

268 2479 338 2538 tum
372 2477 497 2560 argenti
533 2497 599 2539 non
633 2478 753 2561 signati
784 2476 903 2559 forma,
943 2476 999 2541 sed
1035 2477 1107 2541 rudi
1140 2478 1289 2561 pondere.

268 2563 365 2628 Multi
396 2587 488 2650 reges
521 2570 627 2629 tantas
666 2588 742 2649 opes
778 2566 877 2651 longa
909 2570 1013 2630 aetate
1047 2568 1290 2632 cumulaverant
1310 2584 1342 2631 10

202 2731 206 2737 ¹
267 2653 378 2718 liberis
397 2656 610 2738 posterisque,
632 2659 670 2719 ut
689 2654 941 2719 arbitrabantur:
965 2677 1044 2738 quas
1064 2678 1129 2719 una
1151 2656 1232 2720 hora
1255 2658 1289 2719 in

226 2771 253 2810 sa
268 2745 393 2806 externi
415 2745 501 2829 regis
526 2766 639 2807 manus
663 2736 781 2807 intulit.
829 2742 982 2808 Consedit
1006 2744 1120 2808 deinde
1143 2745 1178 2808 in
1200 2746 1290 2831 regia
1310 2761 1343 2811 18

268 2833 348 2895 sella
371 2833 474 2896 multo
494 2833 668 2898 excelsiore
692 2855 788 2916 quam
812 2855 872 2917 pro
896 2833 1009 2898 habitu
1029 2836 1181 2917 corporis.
1227 2832 1289 2898 Ita-

269 2943 339 3004 que,
364 2944 436 2985 cum
460 2922 557 3006 pedes
582 2924 683 2986 imum
703 2922 839 3009 gradum
862 2944 930 2986 non
949 2923 1181 3007 contingerent,
1207 2945 1289 2987 unus

340 3121 355 3166 2
376 3115 517 3187 exempto]
542 3117 660 3184 exsepto
679 3121 706 3168 P.
805 3116 964 3186 nationum]
985 3116 1135 3168 nntionum
1154 3121 1174 3167 P
1193 3134 1226 3169 m.
1242 3134 1288 3185 pr.

267 3194 284 3238 4
304 3187 433 3256 delectis]
450 3186 547 3240 electis
566 3192 597 3239 V.
648 3191 664 3239 8
685 3186 810 3240 eminens
828 3188 940 3256 scripsi:
961 3185 1105 3240 eminebat
1121 3192 1153 3240 A.
1209 3187 1289 3242 9011-

266 3257 431 3311 servabatur
448 3263 474 3310 1:
495 3259 661 3312 obseruator
677 3262 708 3310 Δ.
784 3263 817 3310 10
836 3259 863 3311 01
881 3263 1074 3328 0101101001.
1146 3259 1288 3330 Abulites]

266 3328 364 3419 abulii
377 3371 397 3417 P
411 3384 446 3419 m.
456 3383 502 3433 pr.
559 3370 592 3418 14
607 3365 644 3418 ad
659 3364 801 3434 Choaspin
815 3365 973 3433 Zumptius:
993 3365 1063 3419 adeo
1083 3365 1185 3433 haspin
1203 3371 1234 3418 Δ.

266 3437 417 3490 delicatam
438 3438 614 3492 Vindelicus:
634 3436 765 3491 dedicata
779 3441 809 3488 Δ.
867 3442 899 3489 15
918 3435 1067 3489 vehentem
1081 3437 1184 3491 Aldus:
1204 3435 1289 3491 uehe-

265 3547 390 3597 mentem
399 3548 429 3595 Δ.
484 3543 627 3615 Abulites]
641 3508 739 3598 abulii
752 3551 772 3595 P
787 3562 821 3597 m.
833 3562 878 3611 pr.
954 3548 986 3595 17
1007 3543 1093 3614 dona]
1117 3543 1233 3598 donov.

265 3615 437 3685 velocitatis]
456 3614 619 3669 uelocitatis
632 3621 660 3667 P.
717 3614 848 3685 eximiae]
868 3614 971 3667 eximia
984 3620 1005 3666 P
1018 3632 1053 3669 m.
1063 3632 1109 3683 pr.
1167 3620 1199 3669 18
1217 3615 1287 3684 iam]

266 3705 312 3739 am
330 3692 361 3739 v.
424 3690 587 3756 speraverat
606 3688 734 3741 Medius:
754 3688 939 3755 sperauerant
956 3690 986 3738 Δ.
1050 3691 1083 3739 19
1103 3687 1182 3758 opes]
1202 3701 1288 3755 *opes

265 3764 319 3811 11).
375 3764 408 3811 21
428 3758 577 3829 pecuniae]
591 3758 741 3827 pecuniam
756 3764 784 3811 P.
841 3778 857 3810 1
875 3756 967 3827 milia]
986 3762 1044 3810 aP.
1101 3763 1136 3810 24
1153 3757 1295 3827 posteris-⁴

266 3830 333 3900 que]
352 3830 514 3897 poterisque
532 3835 563 3883 V.
637 3834 671 3883 26
690 3829 803 3900 habitu]
822 3829 902 3882 abitu
921 3834 949 3894 L,
968 3827 1042 3881 ibitu
1061 3834 1129 3883 Pm.
1140 3847 1185 3897 pr.

1095 3917 1131 3970 Q*
