3150 4459
429 293 435 322 l

411 458 666 513 HISTORIARUM
685 459 901 514 ALEXANDRI
919 460 1005 527 Vllll,
1026 468 1049 516 1.
1065 468 1089 516 2.
1198 462 1264 526 313

239 646 309 687 rare
342 623 526 687 decreverat
557 624 697 687 transitu
730 624 896 689 difficilem
928 646 995 688 non
1023 626 1128 707 spatio
1159 628 1265 691 solum

240 735 409 796 aquarum,
438 713 493 775 sed
523 713 620 777 etiam
644 713 730 778 saxis
755 713 951 798 inpeditum:
974 718 1183 797 percontatus
1205 715 1301 802 igi-2

239 806 293 865 tur
315 801 458 887 Phegea,
492 823 574 885 quae
607 802 768 866 noscenda
801 806 906 885 crant,
938 820 989 866 ΧΠ
1021 803 1145 867 dierum
1179 806 1266 869 ultra

240 892 359 954 flumen
383 914 441 973 per
463 895 570 955 vastas
594 891 786 956 solitudines
810 892 872 956 iter
895 914 964 956 esse
983 894 1159 977 cognoscit,
1182 894 1265 958 exci-

212 1002 315 1063 spere
339 980 452 1044 deinde
469 978 611 1064 Gangen,
634 980 812 1044 maximum
837 982 938 1045 totius
954 980 1066 1045 Indiae
1084 982 1265 1067 fluminum,
1284 1002 1301 1049 3

239 1068 426 1133 ulteriorem
453 1069 556 1152 ripam
586 1070 691 1133 colere
718 1074 832 1154 gentes
857 1067 1057 1155 Gangaridas
1080 1076 1113 1135 et
1137 1070 1265 1136 Prasios

239 1180 414 1241 eorumque
437 1180 545 1244 regem
566 1180 635 1223 esse
654 1158 877 1245 Aggrammen
890 1177 939 1223 xx
962 1159 1095 1224 milibus
1119 1162 1265 1243 equitum

239 1247 449 1330 ducentisque
472 1248 619 1331 peditum
644 1248 846 1313 obsidentem
869 1248 947 1315 vias.
985 1249 1037 1312 Ad
1055 1248 1119 1313 hoc
1138 1250 1265 1333 quadri-
1284 1270 1302 1318 4

240 1358 353 1420 garum
377 1354 403 1399 11
427 1336 518 1401 milia
541 1336 667 1401 trahere
692 1342 737 1421 et,
768 1339 978 1423 praecipuum
1001 1342 1171 1422 terrorem,
1205 1340 1266 1403 ele-

195 1452 224 1492 ιο
238 1425 392 1508 phantos,
425 1448 507 1509 quos
539 1444 579 1489 111
606 1426 734 1489 milium
767 1449 938 1492 nnmerum
971 1428 1100 1511 explere
1130 1428 1264 1493 dicebat.

237 1513 446 1580 Incredibilia
477 1516 547 1600 regi
575 1516 685 1580 omnia
714 1515 920 1581 videbantur:
953 1517 1055 1602 igitur
1077 1516 1197 1581 Porum
1221 1536 1301 1585 —5

237 1627 310 1667 nam
337 1625 408 1668 cum
432 1627 470 1669 eo
494 1609 564 1668 erat
582 1642 626 1651 -
644 1609 863 1688 percontatur,
886 1628 928 1670 an
948 1628 1024 1671 vera
1043 1610 1160 1689 esseut,
1184 1629 1265 1690 quae

237 1693 427 1757 dicerentur.
478 1692 538 1758 llle
570 1696 654 1759 vires
686 1694 818 1777 quidem
851 1694 957 1780 gentis
990 1698 1022 1759 et
1054 1696 1146 1781 regni
1179 1694 1302 1764 haudo

237 1781 319 1845 falso
339 1784 453 1846 iactari
472 1783 630 1865 adfirmat,
653 1787 805 1868 ceterum,
829 1784 886 1867 qui
904 1789 1064 1868 regnaret,
1082 1806 1148 1848 non
1168 1785 1265 1849 modo

195 1900 221 1939 rs
237 1872 414 1953 ignobilem
434 1893 512 1955 esse,
531 1872 587 1936 sed
606 1873 703 1936 etiam
724 1874 857 1937 ultimae
875 1874 985 1937 sortis:
1006 1875 1126 1957 quippe
1140 1878 1266 1958 patrem
1286 1878 1288 1881 ’

237 1960 315 2042 eius,
334 1963 499 2024 tonsorem
515 1962 571 2024 vix
586 1962 702 2026 diurno
722 1965 858 2044 quaestu
876 1962 1119 2046 propulsantem
1138 1964 1266 2048 famem,

238 2054 371 2131 propter
399 2049 548 2114 habitum
571 2050 658 2114 haud
682 2051 870 2117 indecorum
894 2052 983 2117 cordi
1002 2052 1103 2117 fuisse
1126 2054 1264 2135 reginae.

236 2137 288 2202 Ab
314 2161 350 2202 ea
374 2140 408 2202 in
431 2140 618 2224 propiorem
638 2140 716 2224 eius,
740 2141 797 2223 qui
815 2145 885 2204 tum
905 2145 1079 2227 regnasset,
1102 2142 1264 2206 amicitiae
1285 2162 1300 2209 r
1386 2177 1389 2181 ·

235 2229 343 2292 locum
376 2229 544 2293 admotum
571 2230 743 2293 interfecto
772 2252 810 2294 eo
833 2252 893 2314 per
916 2230 1049 2294 insidias
1074 2231 1133 2295 snb
1158 2232 1264 2315 specie

196 2345 222 2383 aa
237 2318 357 2381 tutelae
377 2318 516 2382 liberum
535 2319 603 2383 eius
623 2318 780 2383 invasisse
798 2340 934 2403 regnum
953 2320 1141 2404 necatisque
1155 2321 1265 2405 pueris

236 2406 336 2487 hunc,
370 2409 426 2490 qui
449 2430 536 2472 nunc
558 2412 686 2494 regnat,
718 2430 903 2495 generasse,
935 2408 1076 2474 invisum
1103 2410 1265 2493 vilemque

236 2496 461 2580 popularibus,
493 2499 600 2581 magis
628 2501 780 2580 paternae
806 2498 955 2561 fortunae
979 2519 1077 2580 quam
1101 2520 1176 2562 suae
1200 2520 1266 2562 me·
1308 2516 1310 2519 ·

236 2607 368 2650 morem.
406 2585 600 2651 Adfirmatio
616 2586 692 2650 Pori
716 2587 931 2670 multiplicem
953 2589 1061 2651 animo
1081 2589 1167 2673 regis
1187 2588 1300 2655 mie-8

237 2679 324 2738 cerat
355 2698 483 2756 curam.
519 2675 657 2739 Hostem
680 2676 857 2760 beluasque
881 2676 1064 2760 spernebat,
1097 2678 1196 2740 situm
1219 2678 1266 2740 lo-

197 2792 222 2830 cs
237 2785 347 2828 corum
386 2770 418 2829 et
453 2765 519 2829 vim
552 2766 725 2829 fluminum
759 2765 1001 2829 extimescebat:
1038 2765 1198 2851 relegatos
1231 2766 1301 2833 ino

237 2852 387 2916 ultimum
416 2876 519 2938 paene
547 2877 654 2919 rerum
677 2855 892 2918 humanarum
916 2854 1066 2937 persequi
1090 2855 1265 2918 terminum

238 2946 269 3004 et
293 2965 404 3006 eruere
429 2944 564 3007 arduum
588 2942 768 3025 videbatur,
793 2965 903 3007 rursus
927 2944 1063 3006 avaritia
1086 2939 1209 3028 gloriae
1233 2947 1266 3007 et

237 3031 431 3095 insatiabilis
455 3033 573 3115 cupido
597 3033 702 3096 famae
725 3031 809 3096 nihil
833 3033 967 3115 invium,
997 3030 1081 3094 nihil
1103 3037 1265 3096 remotum

236 3119 339 3182 videri
363 3120 497 3184 sinebat.
544 3120 589 3185 Et
612 3121 774 3185 interdum
800 3121 977 3204 dubitabat,
1007 3143 1049 3183 an
1072 3120 1265 3185 Macedones
1285 3140 1319 3189 10

196 3236 222 3276 so
236 3212 288 3272 tot
312 3211 433 3273 emensi
457 3210 561 3294 spatia
584 3214 751 3292 terrarum,
775 3211 810 3274 in
833 3211 901 3275 acie
926 3210 1015 3274 etin
1039 3211 1151 3274 castris
1174 3231 1265 3275 senes

311 3356 324 3401 1
345 3349 451 3419 spatio]
471 3348 568 3417 spacio
586 3353 615 3401 r.
700 3355 715 3401 2
734 3349 921 3403 Percontatus
941 3349 1110 3405 Frobeua'as:
1130 3367 1264 3419 percunc-

236 3423 314 3473 tatus
333 3425 364 3473 A.
438 3428 453 3472 3
473 3420 636 3544 noscenda}1
646 3420 782 3474 noscendi
801 3426 871 3476 rm.
882 3438 928 3489 pr.
1002 3440 1042 3473 111
1066 3421 1160 3492 Vogel:
1185 3428 1264 3476 x1A.

237 3497 252 3544 6
274 3490 450 3561 Gangaridas
465 3498 491 3544 1:
506 3494 617 3561 ganga'r
637 3492 699 3545 idas
713 3497 744 3545 Δ.
796 3492 907 3546 Prasios
923 3488 1091 3548 Salmasius:
1101 3494 1264 3561 pharrasios

237 3571 261 3615 c.
282 3563 459 3631 pbarrassios
473 3570 501 3616 P.
559 3569 626 3616 ‘lxx
640 3562 757 3617 milibus
771 3570 799 3617 1:
813 3583 877 3617 xxn
892 3571 918 3631 0,
933 3569 1037 3619 iisl’.
1095 3570 1128 3618 16
1144 3568 1264 3632 quaestu

236 3634 462 3706 propulsantem]
478 3651 551 3702 quae
566 3637 667 3709 strupo
683 3635 845 3704 pulsantem
859 3641 887 3689 P.
946 3642 977 3691 18
998 3635 1153 3707 amicitiae]
1169 3636 1263 3690 amiti-

236 3707 295 3760 tiae
309 3711 338 3759 V.
391 3713 424 3759 21
441 3707 602 3777 generasse]
617 3708 781 3776 generasset
790 3714 818 3759 P.
875 3713 909 3760 25
924 3707 1077 3779 relegatos]
1087 3707 1224 3831 religatos
1234 3714 1262 3760 Ρ.

237 3784 270 3830 26
295 3778 427 3849 avaritia]
452 3778 591 3831 auaritiae
615 3784 643 3831 F.
736 3783 771 3831 28
795 3778 981 3850 insatiabilis]
1005 3778 1144 3834 insaciabi
1156 3780 1180 3832 is
1203 3784 1262 3845 FP,

236 3849 411 3902 resaciabilis
430 3856 460 3903 V.
534 3855 569 3904 30
589 3849 696 3921 spatia]
716 3850 814 3918 spacia
833 3855 861 3902 P.
