3150 4459
295 442 364 507 210
675 441 707 507 Q.
727 441 837 496 cmm
854 442 942 496 RUFI

295 605 445 691 pluribus
476 606 572 689 pauci
605 610 841 689 remanserunt,
876 606 945 689 qui,
978 604 1092 668 saltem
1130 606 1167 666 ut
1201 624 1328 687 corpus

241 695 375 779 seipsis
398 694 535 778 sepelire
562 695 796 778 permitterent,
813 694 1034 778 precabantur.
1076 692 1142 757 Diu
1165 692 1200 756 id
1224 714 1326 779 nega-

296 789 367 848 tum
389 788 439 849 est
463 781 612 848 Cleandri
635 788 734 861 metu,
756 805 797 847 ne
820 782 997 847 offenderet
1018 804 1137 868 regem.
1174 780 1327 845 Pertina

295 873 366 938 cius
388 872 502 937 deinde
524 873 731 956 precantibus
757 873 925 936 materiem
949 870 1222 937 consternationis
1248 870 1326 935 sub

294 959 483 1027 trahendam
497 966 587 1026 ratus
602 962 707 1045 capite
721 962 830 1026 deciso
843 965 995 1025 truncum
1007 960 1143 1025 humare
1156 960 1327 1043 permisit:
1354 989 1367 1027 e

241 1070 277 1118 ss
295 1049 337 1115 ad
358 1071 468 1135 regem
491 1055 591 1135 capnt
611 1052 747 1115 missurn
770 1054 829 1114 est.

362 1138 426 1203 Hic
448 1140 554 1204 exitus
572 1139 795 1205 Parmenionis
818 1140 890 1222 fuit,
913 1140 1048 1203 militiae
1070 1136 1222 1220 domique
1242 1137 1328 1202 clari

294 1228 365 1292 viri.
411 1227 517 1293 Multa
548 1229 616 1292 sine
648 1249 725 1313 rege
756 1250 922 1312 prospere,
954 1250 1011 1291 rex
1043 1229 1112 1291 sine
1144 1227 1202 1291 illo
1236 1226 1328 1292 nihil

294 1338 430 1401 magnae
458 1318 506 1381 rei
535 1322 687 1403 gesserat.
732 1316 934 1381 Felicissimo
962 1318 1087 1401 regist
1117 1313 1186 1402 [ad]
1209 1316 1329 1381 omnia

294 1405 336 1469 ad
357 1406 508 1470 fortunae
531 1428 608 1470 suae
631 1406 774 1493 exigenti
800 1405 933 1470 modurn
956 1405 1124 1470 satisfecit
1170 1422 1245 1468 Lxx
1268 1428 1329 1470 na·
1343 1434 1370 1474 ro

294 1498 348 1559 tus
370 1517 473 1561 annos
495 1494 622 1560 iuvenis
645 1496 737 1561 ducis
759 1499 792 1560 et
811 1517 905 1579 saepe
928 1496 1027 1560 etiam
1046 1494 1187 1580 gregarii
1204 1494 1328 1559 militis

294 1584 406 1648 munic
433 1584 588 1668 explevit:
620 1606 694 1649 acer
723 1584 874 1668 consilio,
906 1606 1005 1648 manu
1027 1589 1193 1665 strenuus,
1227 1605 1327 1648 carus

241 1692 276 1741 sc
295 1672 507 1758 principibus,
530 1673 629 1759 vulgo
652 1673 795 1738 militum
818 1675 989 1757 acceptior.
1028 1672 1118 1737 Haec
1141 1672 1329 1756 inpulerint

294 1762 387 1827 illum
419 1762 461 1825 ad
493 1764 584 1848 regni
614 1763 826 1847 cupiditatem
850 1784 893 1827 an
915 1765 1042 1827 tautum
1067 1765 1255 1845 suspectum
1281 1763 1327 1826 fe-

295 1852 408 1935 cerint,
431 1851 554 1937 ambigi
571 1856 689 1935 potest,
712 1852 797 1936 quia,
815 1851 963 1916 Philotas
981 1852 1106 1915 ultimis
1125 1850 1328 1916 cruciatibus
1344 1879 1369 1921 rs

294 1941 400 2006 victus
423 1962 540 2005 verane
563 1941 691 2024 dixerit,
714 1963 797 2025 quse
819 1940 906 2005 facta
926 1940 1059 2024 probari
1077 1962 1142 2004 non
1161 1943 1328 2026 poterant,

294 2051 336 2094 an
368 2030 459 2094 falsis
493 2033 729 2095 tormentorum
761 2030 893 2114 petierit
916 2031 1030 2113 finem,
1062 2053 1097 2095 re
1121 2050 1251 2113 quoque
1276 2052 1327 2094 re-

296 2120 392 2201 centi,
414 2140 489 2183 cum
511 2118 616 2204 magis
640 2122 750 2203 posset
771 2120 905 2203 liquere,
929 2118 1112 2182 dubitatum
1137 2122 1195 2182 est.

243 2228 277 2276 ao
364 2205 563 2290 Alexander,
595 2230 676 2292 quos
707 2208 809 2272 libere
838 2211 977 2273 mortem
1000 2207 1223 2271 Parmenionis
1248 2230 1328 2273 con·
1345 2215 1382 2269 10

296 2301 428 2380 questos
458 2318 528 2361 esse
551 2301 755 2381 conpererat,
787 2298 982 2381 separandos
1006 2301 1154 2361 coetero
1178 2299 1326 2361 exercitu
1342 2326 1370 2364 ao

294 2389 385 2450 ratus
409 2385 444 2449 in
467 2408 566 2449 unam
589 2386 755 2451 cohortem
779 2386 916 2451 secrevit
940 2386 1117 2469 ducemque
1136 2386 1187 2450 his
1207 2384 1325 2450 Leoni-

295 2474 368 2538 dam
400 2474 501 2560 dedit,
534 2478 567 2538 et
589 2476 696 2560 ipsum
719 2475 928 2541 Parmenioni
951 2475 1114 2558 quondam
1138 2474 1254 2539 intima
1278 2476 1326 2539 fu

239 2585 275 2632 so
294 2564 483 2629 miliaritate
508 2565 725 2631 coniunctum.
762 2563 841 2629 Fere
864 2564 949 2628 idem
972 2567 1072 2645 erant,
1097 2586 1178 2647 quos
1199 2564 1344 2647 alioqui·

294 2674 350 2718 rex
378 2652 546 2728 habuerat
572 2653 703 2719 invisos.
747 2652 833 2718 Nam
861 2675 934 2718 cum
958 2654 1097 2738 experiri
1120 2656 1216 2717 vellet
1239 2653 1327 2717 mili-

293 2746 364 2806 tum
387 2743 529 2839 animos5
554 2742 730 2827 admonuit,
753 2743 810 2826 qui
832 2744 956 2808 litteras
979 2744 1015 2807 in
1036 2741 1259 2807 Macedoniam
1284 2744 1326 2807 ad
1341 2771 1368 2811 2⁵

293 2853 370 2896 suos
388 2830 586 2915 scripsisset,
609 2833 660 2916 iis,
683 2853 764 2915 qnos
783 2831 854 2915 ipse
872 2831 1032 2914 mittebat,
1055 2831 1228 2915 perlaturis
1248 2854 1325 2896 cnm

367 2969 473 3040 2ipsis
499 2972 592 3042 Voqel:
612 2972 702 3040 ipsius
720 2977 751 3024 A.
825 2971 868 3042 id]
887 2972 912 3025 it
930 2977 958 3025 P.
1029 2969 1208 3040 3Cleundri]
1229 2970 1328 3024 clean,

293 3041 345 3097 dre
360 3048 388 3096 P.
444 3042 879 3166 PertinaciusgpertinatiusPP.
930 3042 1143 3111 Aprecantibus
1159 3047 1188 3094 c:
1203 3058 1325 3111 pergen-

292 3112 369 3168 tibus
379 3119 406 3166 P.
463 3113 618 3169 subtrahen
640 3114 698 3195 arn]
713 3114 916 3168 subtraendsm
932 3120 960 3167 P.
1016 3115 1146 3183 tcaput]
1161 3113 1255 3181 capud
1265 3119 1323 3167 PP.

294 3191 309 3237 7
329 3184 536 3257 Parmenionis]
550 3185 760 3254 permoemonis
773 3190 802 3238 B.
859 3189 875 3237 8
894 3184 945 3238 illo
960 3189 985 3239 1:
1004 3183 1064 3238 ullo
1079 3189 1167 3248 PPV,
1182 3183 1250 3236 *illo
1265 3188 1321 3240 PI..

292 3259 358 3310 oet
381 3258 475 3310 omnia
495 3258 603 3314 Iacer:
629 3259 658 3310 et
682 3257 719 3310 ad
741 3256 837 3311 omnia
855 3262 886 3310 A.
998 3261 1029 3309 11
1051 3255 1151 3326 anuos]
1176 3271 1276 3308 amnes
1292 3261 1322 3309 1..

293 3333 326 3382 12
346 3328 443 3381 munia
456 3334 482 3381 1:
502 3327 583 3381 milia
596 3334 625 3393 P,
644 3327 778 3381 militiam
794 3335 819 3381 c.
894 3326 1019 3395 explevit
1033 3328 1253 3381 Freinshemius:
1275 3344 1322 3381 cx-

291 3397 394 3468 plicuit
412 3404 444 3454 A.
526 3400 624 3471 mauu]
643 3415 744 3453 manus
763 3405 791 3451 P.
885 3397 1027 3469 strenuus]
1047 3401 1174 3452 strenuas
1194 3404 1262 3451 Pm.
1273 3416 1322 3468 pr.

294 3477 327 3523 14
341 3470 466 3541 tanturn]
480 3471 604 3524 tantium
612 3476 639 3525 P.
688 3476 721 3523 15
735 3469 877 3542 Philotas]
887 3470 1111 3539 phylotasPLV.
1168 3475 1201 3522 16
1216 3468 1320 3541 victus]

293 3541 380 3595 uictis
394 3546 425 3594 V.
482 3547 515 3596 18
534 3541 626 3611 magis
642 3544 749 3596 Lauer:
769 3542 881 3610 magnis
896 3546 926 3593 A.
983 3541 1038 3612 est]
1058 3542 1101 3594 est
1115 3546 1142 3592 P.
1201 3546 1233 3593 19
1252 3540 1321 3593 Par-

293 3612 445 3685 menionis]
464 3613 673 3681 parmocniouis
694 3618 723 3665 B.
807 3619 840 3666 22
862 3612 1054 3683 Parmenioni]
1076 3607 1271 3681 parmocni'oni
1291 3616 1335 3667 Rs

293 3689 328 3737 28
348 3687 429 3739 erant
442 3690 468 3737 1:
490 3687 584 3738 emunt
601 3690 632 3739 A.
688 3685 770 3756 quos]
791 3684 867 3751 quod
886 3691 914 3739 1..
970 3683 1078 3751 alioqui
1097 3689 1130 3735 P:
1150 3682 1279 3751 alioquin
1294 3690 1321 3737 0.

294 3762 327 3810 25
348 3755 497 3810 admonuit
514 3762 541 3809 1:
561 3756 690 3811 admouit
705 3761 735 3807 A.
806 3761 839 3809 26
859 3755 896 3809 iis
921 3754 1098 3810 Vindelicus:
1119 3754 1143 3808 si
1157 3759 1188 3807 A.
1257 3772 1322 3822 per-

292 3828 393 3882 laturis
418 3827 595 3883 Vindelicus:
615 3826 774 3896 perlaturus
795 3832 823 3880 A.
900 3844 963 3881 cum
982 3826 1037 3879 fide
1056 3833 1082 3879 1:
1103 3825 1211 3880 confide
1230 3831 1261 3880 A.
