3150 4459
456 457 710 511 fflssofflssan
728 457 943 511 mmmmm
961 457 1008 525 rr,
1028 464 1052 512 1.
1203 454 1264 523 151

244 621 504 687 distrahebantur.
550 622 662 704 hepati
684 625 802 703 quaque
833 622 877 685 ad
896 620 1040 687 Dareum
1068 623 1159 686 missi
1185 627 1266 700 sunt,

244 712 300 791 qui
322 711 366 778 ad
386 710 497 774 bellum
521 710 704 791 ampliorem
726 713 791 775 vim
808 711 962 792 pecuniae
983 710 1150 792 pluresque
1171 732 1266 776 naves

239 804 385 880 peterent.
423 799 526 881 Atque
549 801 624 864 leaec
647 821 753 864 eorum
766 800 898 864 consilia
917 799 1019 864 clades
1041 801 1085 865 ad
1102 798 1208 864 Issum
1223 833 1265 845 ἡ

243 910 320 952 nam
343 910 379 952 ea
398 890 606 953 intervenerat
626 927 671 934 —
693 889 769 954 adea
791 895 855 954 non
877 888 1092 970 interpellavit,
1114 895 1151 954 ut
1172 890 1235 955 etia

242 979 413 1042 adiuvaret.
448 979 568 1060 Quippe
583 980 752 1059 supientem
771 980 926 1043 insecutus
943 977 1126 1043 Aleaander
1141 979 1178 1042 in
1201 978 1268 1043 loca

242 1068 279 1130 in
303 1068 369 1131 dies
392 1067 611 1149 loupinqniara
632 1068 826 1151 rapiebatur,
849 1072 881 1132 et
900 1088 938 1131 en
959 1068 1027 1150 ipsa
1046 1066 1165 1149 proelio
1188 1088 1269 1133 mer-

243 1157 465 1221 cennariorum
487 1158 597 1239 inpens
626 1156 791 1221 multituda
813 1158 850 1219 in
876 1155 1044 1221 Graeciam
1064 1158 1145 1239 fnpa
1167 1176 1199 1221 se
1212 1158 1267 1222 're-

243 1251 384 1326 ceperat:
407 1267 539 1326 quarum
557 1251 620 1310 aeto
633 1245 726 1310 milia
742 1247 880 1328 poemia
894 1246 1043 1311 canduerit
1054 1245 1135 1327 Apis
1148 1266 1267 1310 earumd

243 1356 302 1415 que
339 1355 431 1415 opera
462 1334 629 1417 plerasque
663 1334 856 1400 Cretensium
893 1335 983 1399 urbes
1009 1335 1134 1416 recepit.
1189 1332 1268 1400 Onu

242 1425 386 1504 deinceps
404 1424 525 1488 Menan
548 1426 584 1487 in
603 1424 774 1488 lliraciam
797 1424 836 1488 al
854 1422 1037 1489 Alexandra
1060 1425 1175 1489 missus
1197 1424 1268 1488 bar·

244 1513 337 1577 laras
359 1514 403 1577 ad
424 1515 620 1594 defectionem
640 1513 805 1591 inpulisset
829 1519 921 1594 atque
934 1513 1112 1594 Antipater
1134 1515 1268 1577 adeam

246 1604 503 1683 carcprimendam
531 1604 697 1667 enueitum
734 1624 771 1667 en
808 1598 999 1667 Macedonia
1028 1604 1065 1666 in
1098 1602 1269 1667 Thraciam

244 1693 390 1774 duxisset,
414 1693 642 1773 opportunitate
660 1694 806 1774 temporis
819 1697 941 1756 strenue
957 1692 1010 1756 usi
1027 1691 1269 1756 Lacedaemonii

243 1785 339 1844 totam
350 1780 596 1861 Peloponnesum
604 1783 720 1862 paucis
732 1781 861 1845 urbibus
874 1781 1007 1862 inceptis
1020 1782 1064 1845 ad
1073 1801 1148 1846 snas
1158 1786 1269 1863 partes

243 1874 409 1933 traxerunt
430 1872 620 1952 confectoque
637 1872 771 1934 evercitu
782 1871 896 1951 uipinti
909 1870 1034 1935 milium
1044 1871 1185 1951 peditum
1199 1890 1269 1934 cum

242 1959 361 2023 duobus
384 1958 511 2023 milrlms
538 1962 675 2041 equitum
697 1959 799 2041 Apidi
825 1980 981 2024 summam
1008 1960 1134 2041 imperii
1157 1958 1269 2025 detule-

243 2052 327 2111 runt.
380 2049 548 2129 Antipater
583 2069 621 2113 ea
656 2069 691 2112 re
726 2054 870 2130 conperta
904 2048 1016 2113 bellum
1051 2049 1087 2112 in
1124 2048 1270 2131 Thracia,

243 2137 355 2217 quitus
375 2142 475 2218 potest
495 2137 733 2221 condicionibus,
753 2139 897 2220 conponit
914 2138 1091 2219 raptimque
1113 2138 1150 2201 in
1171 2135 1269 2202 Grae-

243 2227 326 2289 ciam
354 2246 510 2307 repressus
542 2228 581 2291 ab
614 2228 726 2291 amicis
757 2227 909 2309 sociisque
935 2227 1114 2291 unitatibus
1144 2226 1273 2291 auxilia

244 2316 331 2395 capit.
381 2316 499 2395 Quibus
521 2316 768 2381 anvenanmas
789 2318 834 2381 ad
855 2317 1068 2398 quadrapinta
1094 2316 1187 2382 milia
1211 2317 1268 2380 mi-

243 2404 334 2467 litum
356 2406 515 2469 recensuit.
551 2405 731 2470 Advenerat
752 2406 908 2470 etiamen
927 2405 1137 2487 Peloponneso
1160 2405 1269 2470 valida

244 2514 375 2557 munus:
403 2495 457 2558 sed
478 2496 555 2575 quia
573 2495 702 2559 dubiam
724 2515 830 2559 earum
852 2495 945 2576 fidem
968 2500 1155 2575 coenaverat,
1178 2493 1271 2559 dissi

243 2583 365 2646 mulata
382 2585 557 2664 suspicione
581 2585 704 2665 pratios
728 2585 802 2665 epit,
830 2585 913 2665 quod
935 2585 978 2647 ad
1000 2584 1226 2665 defendendam
1248 2605 1270 2647 a

248 2672 505 2736 Lacedaemoniis
519 2673 698 2737 Alexandri
720 2674 903 2755 dipuitatem
926 2674 1116 2754 adfuissent:
1139 2673 1270 2753 scriptu

244 2783 316 2824 rum
339 2782 371 2825 se
394 2763 429 2826 id
450 2763 518 2843 repi
528 2766 668 2845 pratiam
682 2764 718 2826 in
732 2768 865 2844 tempore
878 2761 1023 2826 relatura.
1061 2760 1104 2835 In
1117 2781 1274 2842 praesens

244 2850 328 2913 nihil
352 2871 428 2931 opus
451 2870 514 2915 esse
541 2852 714 2916 maiarvlus
735 2852 849 2932 capiis:
881 2851 986 2931 itaque
1008 2852 1113 2915 domas
1134 2850 1273 2915 redirent

243 2940 378 3020 foederis
400 2942 577 3004 necessitate
599 2940 727 3021 enpleta.
774 2940 912 3004 Nuntios
935 2940 1044 3004 deinde
1066 2940 1110 3003 ad
1131 2939 1270 3003 Alenan-

245 3031 338 3092 drnm
362 3030 459 3093 mittit
489 3031 525 3093 de
548 3036 633 3094 motu
658 3028 812 3095 Graeciae
835 3029 992 3093 certiorem
1013 3030 1164 3110 facturus.
1211 3028 1270 3092 At

245 3139 303 3199 que
327 3117 376 3181 illi
397 3139 498 3200 repem
522 3120 609 3200 apud
629 3118 751 3183 Bactra
773 3120 896 3183 demum
919 3118 1070 3182 consecuti
1092 3122 1176 3195 snut,
1200 3137 1270 3181 cum

245 3208 372 3271 interim
399 3208 567 3289 Antipatri
598 3209 730 3272 euteria
761 3213 791 3272 et
818 3228 888 3271 nece
915 3205 1031 3289 Apidis
1063 3208 1099 3269 in
1126 3206 1276 3271 Arcadia·

243 3317 294 3360 res
318 3302 479 3361 transacta
501 3304 584 3362 esset.
631 3297 701 3362 Rev
722 3297 935 3378 iampridem
958 3295 1092 3360 tumultu
1116 3295 1271 3359 Lacedae·

244 3389 422 3449 moniarnm
445 3389 573 3469 capuita,
596 3391 749 3469 quantum
767 3390 811 3450 tot
824 3390 980 3449 terrarum
993 3387 1107 3466 spatiis
1121 3386 1270 3449 discretus

241 3478 352 3556 patuit,
362 3478 559 3555 providerat:
579 3476 804 3557 Amphoterum
818 3495 887 3538 eum
905 3473 1031 3557 Cypriis
1048 3478 1078 3538 et
1091 3472 1271 3538 Phoeniciis

245 3565 379 3627 navitus
406 3567 442 3628 in
466 3564 712 3647 Peloponnesum
741 3566 905 3645 manicare,
933 3563 1062 3627 Meneta
1091 3565 1154 3627 tria
1179 3562 1272 3627 milia

246 3653 395 3717 talentum
419 3655 463 3718 ad
484 3675 572 3718 mare
594 3656 712 3736 deterre
734 3656 877 3729 iusserat,
909 3658 1003 3716 ntea
1019 3654 1197 3735 propinquo
1215 3672 1277 3732 pe·

246 3745 375 3806 eunium
398 3741 569 3825 Antipatro
597 3743 863 3827 subministraret,
890 3746 1009 3822 quanta
1035 3741 1086 3806 illi
1109 3760 1186 3822 opus
1208 3761 1272 3805 esse

246 3834 441 3912 copulavisset.
489 3832 590 3899 Prole
617 3834 701 3896 enim
718 3835 932 3914 perspecerat,
965 3830 1076 3912 quanti
1100 3830 1143 3893 ad
1165 3831 1279 3891 emmiu
