<?xml version="1.0" encoding="UTF-8"?>
<!DOCTYPE html PUBLIC "-//W3C//DTD XHTML 1.0 Transitional//EN"
    "http://www.w3.org/TR/xhtml1/DTD/xhtml1-transitional.dtd">
<html xmlns="http://www.w3.org/1999/xhtml" xml:lang="en" lang="en">
 <head>
  <title>
</title>
<meta http-equiv="Content-Type" content="text/html;charset=utf-8" />
  <meta name='ocr-system' content='tesseract 3.04.00' />
  <meta name='ocr-capabilities' content='ocr_page ocr_carea ocr_par ocr_line ocrx_word'/>
</head>
<body>
  <div class='ocr_page' id='page_1' title='image "./qcurtirufihisto01rufugoog_0115.png"; bbox 0 0 3150 4459; ppageno 0'>
   <div class='ocr_carea' id='block_1_1' title="bbox 448 418 1301 488">
    <p class='ocr_par' dir='ltr' id='par_1_1' title="bbox 448 418 1301 488">
     <span class='ocr_line' id='line_1_1' title="bbox 448 418 1301 488; baseline 0.001 -15"><span class='ocrx_word' id='word_1_1' title='bbox 448 419 702 475; x_wconf 81' lang='lat' dir='ltr'><strong>HISTORIARUM</strong></span> <span class='ocrx_word' id='word_1_2' title='bbox 719 418 935 473; x_wconf 74' lang='lat' dir='ltr'><strong>ALEXANDRI</strong></span> <span class='ocrx_word' id='word_1_3' title='bbox 952 418 1012 487; x_wconf 85' lang='lat' dir='ltr'><strong>llll,</strong></span> <span class='ocrx_word' id='word_1_4' title='bbox 1033 425 1074 473; x_wconf 86' lang='grc'><strong>14.</strong></span> <span class='ocrx_word' id='word_1_5' title='bbox 1096 425 1137 473; x_wconf 84' lang='grc'><strong>15.</strong></span> <span class='ocrx_word' id='word_1_6' title='bbox 1261 419 1301 488; x_wconf 72' lang='grc'><strong>97</strong></span> 
     </span>
    </p>
   </div>
   <div class='ocr_carea' id='block_1_2' title="bbox 227 582 1366 3167">
    <p class='ocr_par' dir='ltr' id='par_1_2' title="bbox 227 582 1366 3167">
     <span class='ocr_line' id='line_1_2' title="bbox 281 582 1341 668; baseline 0 -20"><span class='ocrx_word' id='word_1_7' title='bbox 281 584 475 667; x_wconf 85' lang='lat' dir='ltr'><strong>sedetiam,</strong></span> <span class='ocrx_word' id='word_1_8' title='bbox 504 606 586 667; x_wconf 90' lang='lat' dir='ltr'><strong>quae</strong></span> <span class='ocrx_word' id='word_1_9' title='bbox 609 584 753 651; x_wconf 90' lang='lat' dir='ltr'><strong>hostium</strong></span> <span class='ocrx_word' id='word_1_10' title='bbox 783 588 869 668; x_wconf 89' lang='lat' dir='ltr'><strong>sunt,</strong></span> <span class='ocrx_word' id='word_1_11' title='bbox 897 586 1118 666; x_wconf 75' lang='lat' dir='ltr'><strong>occupaturos.</strong></span> <span class='ocrx_word' id='word_1_12' title='bbox 1165 582 1341 648; x_wconf 77' lang='lat' dir='ltr'><strong>Proindea</strong></span> 
     </span>
     <span class='ocr_line' id='line_1_3' title="bbox 281 672 1304 758; baseline -0.001 -21"><span class='ocrx_word' id='word_1_13' title='bbox 281 696 350 739; x_wconf 91' lang='lat' dir='ltr'><strong>non</strong></span> <span class='ocrx_word' id='word_1_14' title='bbox 373 679 431 756; x_wconf 88' lang='lat' dir='ltr'><strong>est,</strong></span> <span class='ocrx_word' id='word_1_15' title='bbox 455 674 543 758; x_wconf 91' lang='lat' dir='ltr'><strong>quod</strong></span> <span class='ocrx_word' id='word_1_16' title='bbox 565 673 684 738; x_wconf 83' lang='lat' dir='ltr'><strong>virium</strong></span> <span class='ocrx_word' id='word_1_17' title='bbox 703 674 876 757; x_wconf 87' lang='lat' dir='ltr'><strong>quicquam</strong></span> <span class='ocrx_word' id='word_1_18' title='bbox 896 672 1054 737; x_wconf 75' lang='lat' dir='ltr'><strong>subducat</strong></span> <span class='ocrx_word' id='word_1_19' title='bbox 1077 695 1117 737; x_wconf 92' lang='lat' dir='ltr'><strong>ex</strong></span> <span class='ocrx_word' id='word_1_20' title='bbox 1140 673 1216 756; x_wconf 89' lang='lat' dir='ltr'><strong>acie,</strong></span> <span class='ocrx_word' id='word_1_21' title='bbox 1241 673 1304 751; x_wconf 84' lang='lat' dir='ltr'><strong>sed,</strong></span> 
     </span>
     <span class='ocr_line' id='line_1_4' title="bbox 282 762 1305 847; baseline 0 -20"><span class='ocrx_word' id='word_1_22' title='bbox 282 767 319 827; x_wconf 91' lang='lat' dir='ltr'><strong>ut</strong></span> <span class='ocrx_word' id='word_1_23' title='bbox 344 785 404 846; x_wconf 89' lang='lat' dir='ltr'><strong>me,</strong></span> <span class='ocrx_word' id='word_1_24' title='bbox 432 767 469 827; x_wconf 89' lang='lat' dir='ltr'><strong>nt</strong></span> <span class='ocrx_word' id='word_1_25' title='bbox 491 762 645 846; x_wconf 91' lang='lat' dir='ltr'><strong>Philippo</strong></span> <span class='ocrx_word' id='word_1_26' title='bbox 669 767 761 846; x_wconf 90' lang='lat' dir='ltr'><strong>patre</strong></span> <span class='ocrx_word' id='word_1_27' title='bbox 785 762 918 847; x_wconf 83' lang='lat' dir='ltr'><strong>dignum</strong></span> <span class='ocrx_word' id='word_1_28' title='bbox 944 766 1001 844; x_wconf 90' lang='lat' dir='ltr'><strong>est,</strong></span> <span class='ocrx_word' id='word_1_29' title='bbox 1032 765 1217 845; x_wconf 89' lang='lat' dir='ltr'><strong>contempto</strong></span> <span class='ocrx_word' id='word_1_30' title='bbox 1242 784 1305 827; x_wconf 90' lang='lat' dir='ltr'><strong>sar-</strong></span> 
     </span>
     <span class='ocr_line' id='line_1_5' title="bbox 282 849 1341 926; baseline 0.001 -10"><span class='ocrx_word' id='word_1_31' title='bbox 282 853 429 926; x_wconf 82' lang='lat' dir='ltr'><strong>cinarum</strong></span> <span class='ocrx_word' id='word_1_32' title='bbox 453 852 569 915; x_wconf 90' lang='lat' dir='ltr'><strong>damno</strong></span> <span class='ocrx_word' id='word_1_33' title='bbox 597 852 726 916; x_wconf 82' lang='lat' dir='ltr'><strong>fortiter</strong></span> <span class='ocrx_word' id='word_1_34' title='bbox 752 851 904 917; x_wconf 89' lang='lat' dir='ltr'><strong>dimicet&#39;.</strong></span> <span class='ocrx_word' id='word_1_35' title='bbox 950 849 1084 915; x_wconf 83' lang='lat' dir='ltr'><strong>Interim</strong></span> <span class='ocrx_word' id='word_1_36' title='bbox 1107 851 1237 915; x_wconf 90' lang='lat' dir='ltr'><strong>barbari</strong></span> <span class='ocrx_word' id='word_1_37' title='bbox 1259 852 1306 917; x_wconf 92' lang='lat' dir='ltr'><strong>in·</strong></span> <span class='ocrx_word' id='word_1_38' title='bbox 1325 870 1341 917; x_wconf 82' lang='grc'><strong>9</strong></span> 
     </span>
     <span class='ocr_line' id='line_1_6' title="bbox 227 940 1305 1026; baseline -0.005 -18"><span class='ocrx_word' id='word_1_39' title='bbox 227 940 470 1026; x_wconf 77' lang='lat' dir='ltr'><strong>¹apedimenta</strong></span> <span class='ocrx_word' id='word_1_40' title='bbox 502 942 710 1006; x_wconf 82' lang='lat' dir='ltr'><strong>turbaverant</strong></span> <span class='ocrx_word' id='word_1_41' title='bbox 743 941 907 1023; x_wconf 88' lang='lat' dir='ltr'><strong>caesisque</strong></span> <span class='ocrx_word' id='word_1_42' title='bbox 940 940 1101 1024; x_wconf 91' lang='lat' dir='ltr'><strong>plerisque</strong></span> <span class='ocrx_word' id='word_1_43' title='bbox 1135 940 1305 1005; x_wconf 89' lang='lat' dir='ltr'><strong>custodum</strong></span> 
     </span>
     <span class='ocr_line' id='line_1_7' title="bbox 283 1029 1305 1115; baseline -0.005 -19"><span class='ocrx_word' id='word_1_44' title='bbox 283 1030 405 1115; x_wconf 86' lang='lat' dir='ltr'><strong>captivi</strong></span> <span class='ocrx_word' id='word_1_45' title='bbox 427 1031 565 1095; x_wconf 85' lang='lat' dir='ltr'><strong>vinculis</strong></span> <span class='ocrx_word' id='word_1_46' title='bbox 588 1031 702 1114; x_wconf 89' lang='lat' dir='ltr'><strong>ruptis,</strong></span> <span class='ocrx_word' id='word_1_47' title='bbox 727 1029 885 1113; x_wconf 90' lang='lat' dir='ltr'><strong>quidquid</strong></span> <span class='ocrx_word' id='word_1_48' title='bbox 908 1030 1040 1094; x_wconf 88' lang='lat' dir='ltr'><strong>obvium</strong></span> <span class='ocrx_word' id='word_1_49' title='bbox 1063 1033 1141 1115; x_wconf 88' lang='lat' dir='ltr'><strong>erat,</strong></span> <span class='ocrx_word' id='word_1_50' title='bbox 1169 1051 1234 1112; x_wconf 92' lang='lat' dir='ltr'><strong>quo</strong></span> <span class='ocrx_word' id='word_1_51' title='bbox 1258 1051 1305 1094; x_wconf 88' lang='lat' dir='ltr'><strong>ar-</strong></span> 
     </span>
     <span class='ocr_line' id='line_1_8' title="bbox 281 1118 1306 1205; baseline -0.003 -20"><span class='ocrx_word' id='word_1_52' title='bbox 281 1120 367 1185; x_wconf 88' lang='lat' dir='ltr'><strong>mari</strong></span> <span class='ocrx_word' id='word_1_53' title='bbox 388 1123 535 1204; x_wconf 91' lang='lat' dir='ltr'><strong>possent,</strong></span> <span class='ocrx_word' id='word_1_54' title='bbox 561 1120 720 1203; x_wconf 88' lang='lat' dir='ltr'><strong>arripiunt</strong></span> <span class='ocrx_word' id='word_1_55' title='bbox 742 1123 774 1184; x_wconf 92' lang='lat' dir='ltr'><strong>et</strong></span> <span class='ocrx_word' id='word_1_56' title='bbox 798 1119 965 1205; x_wconf 83' lang='lat' dir='ltr'><strong>adgregati</strong></span> <span class='ocrx_word' id='word_1_57' title='bbox 988 1140 1120 1183; x_wconf 90' lang='lat' dir='ltr'><strong>suorum</strong></span> <span class='ocrx_word' id='word_1_58' title='bbox 1144 1118 1306 1201; x_wconf 92' lang='lat' dir='ltr'><strong>equitibus</strong></span> 
     </span>
     <span class='ocr_line' id='line_1_9' title="bbox 281 1206 1361 1293; baseline 0.001 -19"><span class='ocrx_word' id='word_1_59' title='bbox 281 1209 476 1274; x_wconf 87' lang='lat' dir='ltr'><strong>Macedonas</strong></span> <span class='ocrx_word' id='word_1_60' title='bbox 491 1208 627 1293; x_wconf 90' lang='lat' dir='ltr'><strong>ancipiti</strong></span> <span class='ocrx_word' id='word_1_61' title='bbox 641 1209 878 1273; x_wconf 84' lang='lat' dir='ltr'><strong>circumventos</strong></span> <span class='ocrx_word' id='word_1_62' title='bbox 894 1206 980 1272; x_wconf 87' lang='lat' dir='ltr'><strong>malo</strong></span> <span class='ocrx_word' id='word_1_63' title='bbox 995 1207 1159 1273; x_wconf 85' lang='lat' dir='ltr'><strong>invadunt.</strong></span> <span class='ocrx_word' id='word_1_64' title='bbox 1205 1206 1307 1289; x_wconf 90' lang='lat' dir='ltr'><strong>Laeti,</strong></span> <span class='ocrx_word' id='word_1_65' title='bbox 1327 1226 1361 1275; x_wconf 88' lang='lat'><strong>10</strong></span> 
     </span>
     <span class='ocr_line' id='line_1_10' title="bbox 283 1296 1307 1383; baseline -0.003 -20"><span class='ocrx_word' id='word_1_66' title='bbox 283 1300 341 1382; x_wconf 91' lang='lat' dir='ltr'><strong>qui</strong></span> <span class='ocrx_word' id='word_1_67' title='bbox 369 1300 453 1362; x_wconf 91' lang='lat' dir='ltr'><strong>circa</strong></span> <span class='ocrx_word' id='word_1_68' title='bbox 482 1296 690 1383; x_wconf 76' lang='lat' dir='ltr'>Sisigambim</span> <span class='ocrx_word' id='word_1_69' title='bbox 719 1303 825 1380; x_wconf 88' lang='lat' dir='ltr'><strong>erant,</strong></span> <span class='ocrx_word' id='word_1_70' title='bbox 856 1298 971 1362; x_wconf 87' lang='lat' dir='ltr'><strong>vicisse</strong></span> <span class='ocrx_word' id='word_1_71' title='bbox 999 1296 1155 1379; x_wconf 82' lang='lat' dir='ltr'><strong>Dareum,</strong></span> <span class='ocrx_word' id='word_1_72' title='bbox 1183 1297 1307 1382; x_wconf 79' lang='lat' dir='ltr'>ingenti</span> 
     </span>
     <span class='ocr_line' id='line_1_11' title="bbox 240 1386 1307 1471; baseline -0.003 -18"><span class='ocrx_word' id='word_1_73' title='bbox 240 1411 269 1453; x_wconf 85' lang='lat' dir='ltr'><strong>ro</strong></span> <span class='ocrx_word' id='word_1_74' title='bbox 283 1387 381 1457; x_wconf 86' lang='lat' dir='ltr'><strong>caede</strong></span> <span class='ocrx_word' id='word_1_75' title='bbox 403 1390 583 1471; x_wconf 89' lang='lat' dir='ltr'><strong>prostratos</strong></span> <span class='ocrx_word' id='word_1_76' title='bbox 607 1386 721 1469; x_wconf 88' lang='lat' dir='ltr'><strong>hostis,</strong></span> <span class='ocrx_word' id='word_1_77' title='bbox 748 1387 789 1451; x_wconf 82' lang='lat' dir='ltr'><strong>ad</strong></span> <span class='ocrx_word' id='word_1_78' title='bbox 812 1386 965 1450; x_wconf 91' lang='lat' dir='ltr'><strong>ultimum</strong></span> <span class='ocrx_word' id='word_1_79' title='bbox 989 1387 1087 1451; x_wconf 89' lang='lat' dir='ltr'><strong>etiam</strong></span> <span class='ocrx_word' id='word_1_80' title='bbox 1110 1386 1307 1469; x_wconf 90' lang='lat' dir='ltr'><strong>inpedimen-</strong></span> 
     </span>
     <span class='ocr_line' id='line_1_12' title="bbox 282 1474 1307 1560; baseline -0.003 -19"><span class='ocrx_word' id='word_1_81' title='bbox 282 1478 327 1541; x_wconf 87' lang='lat' dir='ltr'><strong>tis</strong></span> <span class='ocrx_word' id='word_1_82' title='bbox 347 1480 461 1541; x_wconf 90' lang='lat' dir='ltr'><strong>exutos</strong></span> <span class='ocrx_word' id='word_1_83' title='bbox 482 1498 550 1540; x_wconf 88' lang='lat' dir='ltr'><strong>esse</strong></span> <span class='ocrx_word' id='word_1_84' title='bbox 568 1478 733 1541; x_wconf 89' lang='lat' dir='ltr'><strong>nuntiant:</strong></span> <span class='ocrx_word' id='word_1_85' title='bbox 757 1477 878 1560; x_wconf 82' lang='lat' dir='ltr'><strong>quippe</strong></span> <span class='ocrx_word' id='word_1_86' title='bbox 898 1476 1031 1540; x_wconf 89' lang='lat' dir='ltr'><strong>eandem</strong></span> <span class='ocrx_word' id='word_1_87' title='bbox 1051 1477 1216 1540; x_wconf 85' lang='lat' dir='ltr'><strong>fortunam</strong></span> <span class='ocrx_word' id='word_1_88' title='bbox 1239 1474 1307 1538; x_wconf 93' lang='lat' dir='ltr'><strong>ubi-</strong></span> 
     </span>
     <span class='ocr_line' id='line_1_13' title="bbox 282 1563 1309 1650; baseline -0.002 -20"><span class='ocrx_word' id='word_1_89' title='bbox 282 1588 347 1650; x_wconf 92' lang='lat' dir='ltr'><strong>que</strong></span> <span class='ocrx_word' id='word_1_90' title='bbox 371 1587 440 1631; x_wconf 92' lang='lat' dir='ltr'><strong>esse</strong></span> <span class='ocrx_word' id='word_1_91' title='bbox 459 1565 631 1629; x_wconf 89' lang='lat' dir='ltr'><strong>credebant</strong></span> <span class='ocrx_word' id='word_1_92' title='bbox 655 1571 687 1629; x_wconf 91' lang='lat' dir='ltr'><strong>et</strong></span> <span class='ocrx_word' id='word_1_93' title='bbox 709 1566 848 1630; x_wconf 84' lang='lat' dir='ltr'><strong>victores</strong></span> <span class='ocrx_word' id='word_1_94' title='bbox 867 1564 982 1629; x_wconf 89' lang='lat' dir='ltr'><strong>Persas</strong></span> <span class='ocrx_word' id='word_1_95' title='bbox 1006 1565 1046 1629; x_wconf 91' lang='lat' dir='ltr'><strong>ad</strong></span> <span class='ocrx_word' id='word_1_96' title='bbox 1069 1564 1222 1648; x_wconf 83' lang='lat' dir='ltr'><strong>praedam</strong></span> <span class='ocrx_word' id='word_1_97' title='bbox 1246 1563 1309 1628; x_wconf 91' lang='lat' dir='ltr'><strong>dis·</strong></span> 
     </span>
     <span class='ocr_line' id='line_1_14' title="bbox 284 1652 1360 1740; baseline 0 -20"><span class='ocrx_word' id='word_1_98' title='bbox 284 1656 431 1720; x_wconf 89' lang='lat' dir='ltr'><strong>currisse.</strong></span> <span class='ocrx_word' id='word_1_99' title='bbox 477 1652 669 1740; x_wconf 83' lang='lat' dir='ltr'>Sisigambis</span> <span class='ocrx_word' id='word_1_100' title='bbox 692 1654 901 1719; x_wconf 76' lang='lat' dir='ltr'><strong>hortantibus</strong></span> <span class='ocrx_word' id='word_1_101' title='bbox 925 1654 1076 1738; x_wconf 85' lang='lat' dir='ltr'><strong>captivis,</strong></span> <span class='ocrx_word' id='word_1_102' title='bbox 1103 1656 1141 1718; x_wconf 95' lang='lat' dir='ltr'><strong>ut</strong></span> <span class='ocrx_word' id='word_1_103' title='bbox 1164 1653 1360 1731; x_wconf 78' lang='lat' dir='ltr'><strong>animumn</strong></span> 
     </span>
     <span class='ocr_line' id='line_1_15' title="bbox 283 1743 1309 1828; baseline -0.003 -19"><span class='ocrx_word' id='word_1_104' title='bbox 283 1769 303 1809; x_wconf 88' lang='lat' dir='ltr'><strong>a</strong></span> <span class='ocrx_word' id='word_1_105' title='bbox 327 1766 471 1808; x_wconf 87' lang='lat' dir='ltr'><strong>maerore</strong></span> <span class='ocrx_word' id='word_1_106' title='bbox 494 1744 666 1828; x_wconf 83' lang='lat' dir='ltr'><strong>adlevaret,</strong></span> <span class='ocrx_word' id='word_1_107' title='bbox 689 1744 724 1807; x_wconf 95' lang='lat' dir='ltr'><strong>in</strong></span> <span class='ocrx_word' id='word_1_108' title='bbox 747 1744 870 1827; x_wconf 89' lang='lat' dir='ltr'><strong>eodem,</strong></span> <span class='ocrx_word' id='word_1_109' title='bbox 893 1765 958 1826; x_wconf 93' lang='lat' dir='ltr'><strong>quo</strong></span> <span class='ocrx_word' id='word_1_110' title='bbox 983 1748 1077 1808; x_wconf 90' lang='lat' dir='ltr'><strong>antea</strong></span> <span class='ocrx_word' id='word_1_111' title='bbox 1098 1743 1175 1825; x_wconf 84' lang='lat' dir='ltr'><strong>fuit,</strong></span> <span class='ocrx_word' id='word_1_112' title='bbox 1203 1764 1309 1826; x_wconf 92' lang='lat' dir='ltr'><strong>perse-</strong></span> 
     </span>
     <span class='ocr_line' id='line_1_16' title="bbox 241 1832 1309 1916; baseline -0.003 -18"><span class='ocrx_word' id='word_1_113' title='bbox 241 1857 268 1898; x_wconf 67' lang='grc' dir='ltr'><strong>ιε</strong></span> <span class='ocrx_word' id='word_1_114' title='bbox 282 1833 418 1900; x_wconf 82' lang='lat' dir='ltr'><strong>veravit.</strong></span> <span class='ocrx_word' id='word_1_115' title='bbox 464 1832 541 1897; x_wconf 91' lang='lat' dir='ltr'><strong>Non</strong></span> <span class='ocrx_word' id='word_1_116' title='bbox 563 1854 627 1896; x_wconf 87' lang='lat' dir='ltr'><strong>vox</strong></span> <span class='ocrx_word' id='word_1_117' title='bbox 650 1833 719 1897; x_wconf 91' lang='lat' dir='ltr'><strong>ulla</strong></span> <span class='ocrx_word' id='word_1_118' title='bbox 741 1834 863 1898; x_wconf 86' lang='lat' dir='ltr'><strong>excidit</strong></span> <span class='ocrx_word' id='word_1_119' title='bbox 886 1834 925 1916; x_wconf 89' lang='lat' dir='ltr'><strong>ei,</strong></span> <span class='ocrx_word' id='word_1_120' title='bbox 947 1854 1014 1896; x_wconf 93' lang='lat' dir='ltr'><strong>non</strong></span> <span class='ocrx_word' id='word_1_121' title='bbox 1038 1833 1104 1898; x_wconf 87' lang='lat' dir='ltr'><strong>oris</strong></span> <span class='ocrx_word' id='word_1_122' title='bbox 1128 1833 1218 1896; x_wconf 87' lang='lat' dir='ltr'><strong>color</strong></span> <span class='ocrx_word' id='word_1_123' title='bbox 1240 1832 1309 1895; x_wconf 74' lang='lat' dir='ltr'><strong>vnl-</strong></span> 
     </span>
     <span class='ocr_line' id='line_1_17' title="bbox 283 1921 1310 2005; baseline -0.004 -18"><span class='ocrx_word' id='word_1_124' title='bbox 283 1928 378 1988; x_wconf 78' lang='lat' dir='ltr'><strong>tusre</strong></span> <span class='ocrx_word' id='word_1_125' title='bbox 397 1926 540 1987; x_wconf 90' lang='lat' dir='ltr'><strong>mutatus</strong></span> <span class='ocrx_word' id='word_1_126' title='bbox 562 1926 625 1986; x_wconf 88' lang='lat' dir='ltr'><strong>est:</strong></span> <span class='ocrx_word' id='word_1_127' title='bbox 649 1922 732 1986; x_wconf 91' lang='lat' dir='ltr'><strong>sedit</strong></span> <span class='ocrx_word' id='word_1_128' title='bbox 750 1922 915 1987; x_wconf 89' lang='lat' dir='ltr'><strong>inmobilis</strong></span> <span class='ocrx_word' id='word_1_129' title='bbox 940 1960 982 1968; x_wconf 92' lang='lat'><em>-</em></span> <span class='ocrx_word' id='word_1_130' title='bbox 1008 1922 1112 2004; x_wconf 90' lang='lat' dir='ltr'><strong>credo,</strong></span> <span class='ocrx_word' id='word_1_131' title='bbox 1134 1921 1310 2005; x_wconf 88' lang='lat' dir='ltr'><strong>praecoqui</strong></span> 
     </span>
     <span class='ocr_line' id='line_1_18' title="bbox 284 2010 1309 2099; baseline -0.002 -24"><span class='ocrx_word' id='word_1_132' title='bbox 284 2011 405 2099; x_wconf 83' lang='lat' dir='ltr'><strong>gaudio</strong></span> <span class='ocrx_word' id='word_1_133' title='bbox 438 2012 541 2075; x_wconf 89' lang='lat' dir='ltr'><strong>verita</strong></span> <span class='ocrx_word' id='word_1_134' title='bbox 573 2012 706 2075; x_wconf 87' lang='lat' dir='ltr'><strong>inritare</strong></span> <span class='ocrx_word' id='word_1_135' title='bbox 738 2012 904 2076; x_wconf 88' lang='lat' dir='ltr'><strong>fortunam</strong></span> <span class='ocrx_word' id='word_1_136' title='bbox 943 2048 995 2092; x_wconf 85' lang='lat'><strong>-,</strong></span> <span class='ocrx_word' id='word_1_137' title='bbox 1033 2011 1111 2075; x_wconf 89' lang='lat' dir='ltr'><strong>adeo</strong></span> <span class='ocrx_word' id='word_1_138' title='bbox 1149 2013 1194 2093; x_wconf 89' lang='lat' dir='ltr'><strong>ut,</strong></span> <span class='ocrx_word' id='word_1_139' title='bbox 1232 2010 1309 2093; x_wconf 90' lang='lat' dir='ltr'><strong>quid</strong></span> 
     </span>
     <span class='ocr_line' id='line_1_19' title="bbox 285 2098 1363 2183; baseline -0.001 -18"><span class='ocrx_word' id='word_1_140' title='bbox 285 2100 407 2183; x_wconf 86' lang='lat' dir='ltr'><strong>mallet,</strong></span> <span class='ocrx_word' id='word_1_141' title='bbox 437 2100 638 2165; x_wconf 89' lang='lat' dir='ltr'><strong>intuentibus</strong></span> <span class='ocrx_word' id='word_1_142' title='bbox 670 2123 740 2164; x_wconf 89' lang='lat' dir='ltr'><strong>eam</strong></span> <span class='ocrx_word' id='word_1_143' title='bbox 770 2100 870 2165; x_wconf 90' lang='lat' dir='ltr'><strong>fuerit</strong></span> <span class='ocrx_word' id='word_1_144' title='bbox 901 2100 1067 2164; x_wconf 88' lang='lat' dir='ltr'><strong>incertum.</strong></span> <span class='ocrx_word' id='word_1_145' title='bbox 1113 2098 1202 2163; x_wconf 83' lang='lat' dir='ltr'><strong>Inter</strong></span> <span class='ocrx_word' id='word_1_146' title='bbox 1231 2099 1310 2163; x_wconf 92' lang='lat' dir='ltr'><strong>haec</strong></span> <span class='ocrx_word' id='word_1_147' title='bbox 1331 2117 1363 2164; x_wconf 83' lang='grc'>12</span> 
     </span>
     <span class='ocr_line' id='line_1_20' title="bbox 284 2188 1309 2274; baseline -0.003 -20"><span class='ocrx_word' id='word_1_148' title='bbox 284 2189 447 2273; x_wconf 85' lang='lat' dir='ltr'><strong>Menidas,</strong></span> <span class='ocrx_word' id='word_1_149' title='bbox 481 2190 662 2274; x_wconf 83' lang='lat' dir='ltr'><strong>praefectus</strong></span> <span class='ocrx_word' id='word_1_150' title='bbox 693 2190 840 2273; x_wconf 91' lang='lat' dir='ltr'><strong>equitum</strong></span> <span class='ocrx_word' id='word_1_151' title='bbox 869 2188 1061 2272; x_wconf 81' lang='lat' dir='ltr'><strong>Alexandri,</strong></span> <span class='ocrx_word' id='word_1_152' title='bbox 1094 2210 1167 2253; x_wconf 90' lang='lat' dir='ltr'><strong>enm</strong></span> <span class='ocrx_word' id='word_1_153' title='bbox 1198 2189 1309 2273; x_wconf 89' lang='lat' dir='ltr'><strong>paucis</strong></span> 
     </span>
     <span class='ocr_line' id='line_1_21' title="bbox 242 2278 1311 2363; baseline -0.007 -16"><span class='ocrx_word' id='word_1_154' title='bbox 242 2303 270 2347; x_wconf 75' lang='lat' dir='ltr'><strong>ao</strong></span> <span class='ocrx_word' id='word_1_155' title='bbox 284 2281 402 2348; x_wconf 89' lang='lat' dir='ltr'><strong>turmis</strong></span> <span class='ocrx_word' id='word_1_156' title='bbox 418 2300 513 2363; x_wconf 92' lang='lat' dir='ltr'><strong>opem</strong></span> <span class='ocrx_word' id='word_1_157' title='bbox 527 2279 756 2363; x_wconf 84' lang='lat' dir='ltr'><strong>inpedimentis</strong></span> <span class='ocrx_word' id='word_1_158' title='bbox 770 2280 896 2345; x_wconf 88' lang='lat' dir='ltr'><strong>laturus</strong></span> <span class='ocrx_word' id='word_1_159' title='bbox 910 2279 1083 2344; x_wconf 88' lang='lat' dir='ltr'><strong>advenerat</strong></span> <span class='ocrx_word' id='word_1_160' title='bbox 1092 2316 1135 2326; x_wconf 91' lang='lat'><strong>—</strong></span> <span class='ocrx_word' id='word_1_161' title='bbox 1147 2281 1196 2342; x_wconf 87' lang='lat' dir='ltr'><strong>est</strong></span> <span class='ocrx_word' id='word_1_162' title='bbox 1211 2278 1311 2342; x_wconf 90' lang='lat' dir='ltr'><strong>incer-</strong></span> 
     </span>
     <span class='ocr_line' id='line_1_22' title="bbox 285 2367 1311 2455; baseline -0.003 -22"><span class='ocrx_word' id='word_1_163' title='bbox 285 2374 371 2451; x_wconf 90' lang='lat' dir='ltr'><strong>tum,</strong></span> <span class='ocrx_word' id='word_1_164' title='bbox 403 2390 504 2434; x_wconf 88' lang='lat' dir='ltr'><strong>suone</strong></span> <span class='ocrx_word' id='word_1_165' title='bbox 537 2368 672 2433; x_wconf 89' lang='lat' dir='ltr'><strong>consilio</strong></span> <span class='ocrx_word' id='word_1_166' title='bbox 706 2390 747 2432; x_wconf 89' lang='lat' dir='ltr'><strong>an</strong></span> <span class='ocrx_word' id='word_1_167' title='bbox 779 2370 864 2455; x_wconf 87' lang='lat' dir='ltr'><strong>regis</strong></span> <span class='ocrx_word' id='word_1_168' title='bbox 897 2368 1033 2452; x_wconf 92' lang='lat' dir='ltr'><strong>imperio</strong></span> <span class='ocrx_word' id='word_1_169' title='bbox 1067 2405 1124 2449; x_wconf 94' lang='lat'><strong>-,</strong></span> <span class='ocrx_word' id='word_1_170' title='bbox 1157 2367 1212 2430; x_wconf 92' lang='lat' dir='ltr'><strong>sed</strong></span> <span class='ocrx_word' id='word_1_171' title='bbox 1244 2388 1311 2431; x_wconf 92' lang='lat' dir='ltr'><strong>non</strong></span> 
     </span>
     <span class='ocr_line' id='line_1_23' title="bbox 287 2456 1310 2542; baseline -0.004 -20"><span class='ocrx_word' id='word_1_172' title='bbox 287 2458 442 2523; x_wconf 86' lang='lat' dir='ltr'><strong>sustinuit</strong></span> <span class='ocrx_word' id='word_1_173' title='bbox 466 2456 679 2522; x_wconf 81' lang='lat' dir='ltr'><strong>Cadusiorum</strong></span> <span class='ocrx_word' id='word_1_174' title='bbox 704 2456 961 2542; x_wconf 84' lang='lat' dir='ltr'><strong>Scytharumque</strong></span> <span class='ocrx_word' id='word_1_175' title='bbox 990 2458 1161 2540; x_wconf 91' lang='lat' dir='ltr'><strong>impetum:</strong></span> <span class='ocrx_word' id='word_1_176' title='bbox 1190 2456 1310 2540; x_wconf 89' lang='lat' dir='ltr'><strong>quippe</strong></span> 
     </span>
     <span class='ocr_line' id='line_1_24' title="bbox 286 2545 1309 2633; baseline -0.003 -22"><span class='ocrx_word' id='word_1_177' title='bbox 286 2548 343 2611; x_wconf 80' lang='lat' dir='ltr'><strong>vix</strong></span> <span class='ocrx_word' id='word_1_178' title='bbox 365 2550 525 2630; x_wconf 86' lang='lat' dir='ltr'><strong>temptato</strong></span> <span class='ocrx_word' id='word_1_179' title='bbox 550 2547 724 2611; x_wconf 86' lang='lat' dir='ltr'><strong>certamine</strong></span> <span class='ocrx_word' id='word_1_180' title='bbox 747 2546 870 2633; x_wconf 86' lang='lat' dir='ltr'><strong>refugit</strong></span> <span class='ocrx_word' id='word_1_181' title='bbox 898 2545 938 2609; x_wconf 89' lang='lat' dir='ltr'><strong>ad</strong></span> <span class='ocrx_word' id='word_1_182' title='bbox 965 2568 1088 2632; x_wconf 86' lang='lat' dir='ltr'><strong>regem,</strong></span> <span class='ocrx_word' id='word_1_183' title='bbox 1117 2546 1309 2609; x_wconf 89' lang='lat' dir='ltr'><strong>amissorum</strong></span> 
     </span>
     <span class='ocr_line' id='line_1_25' title="bbox 288 2632 1365 2720; baseline 0 -21"><span class='ocrx_word' id='word_1_184' title='bbox 288 2636 586 2720; x_wconf 88' lang='lat' dir='ltr'><strong>inpedimentorum</strong></span> <span class='ocrx_word' id='word_1_185' title='bbox 608 2636 700 2700; x_wconf 89' lang='lat' dir='ltr'><strong>testis</strong></span> <span class='ocrx_word' id='word_1_186' title='bbox 724 2637 829 2720; x_wconf 89' lang='lat' dir='ltr'><strong>magis</strong></span> <span class='ocrx_word' id='word_1_187' title='bbox 854 2658 950 2719; x_wconf 90' lang='lat' dir='ltr'><strong>quam</strong></span> <span class='ocrx_word' id='word_1_188' title='bbox 969 2636 1096 2700; x_wconf 89' lang='lat' dir='ltr'><strong>vindex.</strong></span> <span class='ocrx_word' id='word_1_189' title='bbox 1142 2632 1211 2698; x_wconf 90' lang='lat' dir='ltr'><strong>Iam</strong></span> <span class='ocrx_word' id='word_1_190' title='bbox 1237 2652 1365 2700; x_wconf 81' lang='lat' dir='ltr'><strong>con-13</strong></span> 
     </span>
     <span class='ocr_line' id='line_1_26' title="bbox 245 2723 1316 2808; baseline -0.005 -18"><span class='ocrx_word' id='word_1_191' title='bbox 245 2725 399 2791; x_wconf 76' lang='lat' dir='ltr'><strong>rusilium</strong></span> <span class='ocrx_word' id='word_1_192' title='bbox 417 2723 595 2790; x_wconf 85' lang='lat' dir='ltr'><strong>Alexandri</strong></span> <span class='ocrx_word' id='word_1_193' title='bbox 618 2724 712 2789; x_wconf 87' lang='lat' dir='ltr'><strong>dolor</strong></span> <span class='ocrx_word' id='word_1_194' title='bbox 729 2726 860 2808; x_wconf 84' lang='lat' dir='ltr'><strong>vicerat,</strong></span> <span class='ocrx_word' id='word_1_195' title='bbox 883 2729 924 2807; x_wconf 88' lang='lat' dir='ltr'><strong>et,</strong></span> <span class='ocrx_word' id='word_1_196' title='bbox 946 2747 987 2789; x_wconf 93' lang='lat' dir='ltr'><strong>ne</strong></span> <span class='ocrx_word' id='word_1_197' title='bbox 1007 2746 1083 2789; x_wconf 90' lang='lat' dir='ltr'><strong>cura</strong></span> <span class='ocrx_word' id='word_1_198' title='bbox 1101 2723 1316 2807; x_wconf 86' lang='lat' dir='ltr'><strong>recuperandi</strong></span> 
     </span>
     <span class='ocr_line' id='line_1_27' title="bbox 288 2813 1312 2898; baseline -0.005 -18"><span class='ocrx_word' id='word_1_199' title='bbox 288 2837 347 2880; x_wconf 89' lang='lat' dir='ltr'><strong>sua</strong></span> <span class='ocrx_word' id='word_1_200' title='bbox 379 2813 513 2890; x_wconf 84' lang='lat' dir='ltr'><strong>militem</strong></span> <span class='ocrx_word' id='word_1_201' title='bbox 544 2838 563 2878; x_wconf 92' lang='lat' dir='ltr'><strong>a</strong></span> <span class='ocrx_word' id='word_1_202' title='bbox 591 2815 715 2898; x_wconf 89' lang='lat' dir='ltr'><strong>proelio</strong></span> <span class='ocrx_word' id='word_1_203' title='bbox 747 2818 918 2897; x_wconf 87' lang='lat' dir='ltr'><strong>averteret,</strong></span> <span class='ocrx_word' id='word_1_204' title='bbox 948 2836 1013 2879; x_wconf 94' lang='lat' dir='ltr'><strong>non</strong></span> <span class='ocrx_word' id='word_1_205' title='bbox 1042 2814 1194 2878; x_wconf 88' lang='lat' dir='ltr'><strong>inmerito</strong></span> <span class='ocrx_word' id='word_1_206' title='bbox 1225 2834 1312 2877; x_wconf 85' lang='lat' dir='ltr'><strong>vere-</strong></span> 
     </span>
     <span class='ocr_line' id='line_1_28' title="bbox 288 2902 1312 2989; baseline -0.002 -21"><span class='ocrx_word' id='word_1_207' title='bbox 288 2905 399 2969; x_wconf 90' lang='lat' dir='ltr'><strong>batur:</strong></span> <span class='ocrx_word' id='word_1_208' title='bbox 432 2905 541 2988; x_wconf 85' lang='lat' dir='ltr'><strong>itaque</strong></span> <span class='ocrx_word' id='word_1_209' title='bbox 572 2902 708 2989; x_wconf 84' lang='lat' dir='ltr'><strong>Areten,</strong></span> <span class='ocrx_word' id='word_1_210' title='bbox 741 2904 855 2968; x_wconf 91' lang='lat' dir='ltr'><strong>ducem</strong></span> <span class='ocrx_word' id='word_1_211' title='bbox 887 2902 1089 2968; x_wconf 89' lang='lat' dir='ltr'><strong>hastatorum</strong></span> <span class='ocrx_word' id='word_1_212' title='bbox 1121 2939 1165 2950; x_wconf 88' lang='lat'><strong>—</strong></span> <span class='ocrx_word' id='word_1_213' title='bbox 1198 2902 1312 2966; x_wconf 86' lang='lat' dir='ltr'><strong>sariso-</strong></span> 
     </span>
     <span class='ocr_line' id='line_1_29' title="bbox 232 2989 1366 3077; baseline 0.002 -21"><span class='ocrx_word' id='word_1_214' title='bbox 232 2996 270 3051; x_wconf 73' lang='lat'><strong>57</strong></span> <span class='ocrx_word' id='word_1_215' title='bbox 288 2992 409 3077; x_wconf 91' lang='lat' dir='ltr'><strong>phoros</strong></span> <span class='ocrx_word' id='word_1_216' title='bbox 442 2993 602 3058; x_wconf 84' lang='lat' dir='ltr'><strong>vocabant</strong></span> <span class='ocrx_word' id='word_1_217' title='bbox 633 3030 672 3037; x_wconf 90' lang='lat'><strong>—</strong></span> <span class='ocrx_word' id='word_1_218' title='bbox 706 2992 857 3057; x_wconf 82' lang='lat' dir='ltr'><strong>adversus</strong></span> <span class='ocrx_word' id='word_1_219' title='bbox 890 2991 1027 3077; x_wconf 84' lang='lat' dir='ltr'><strong>Scythas</strong></span> <span class='ocrx_word' id='word_1_220' title='bbox 1062 2992 1171 3055; x_wconf 88' lang='lat' dir='ltr'><strong>mittit.</strong></span> <span class='ocrx_word' id='word_1_221' title='bbox 1224 2989 1366 3066; x_wconf 71' lang='lat' dir='ltr'><strong>Interit</strong></span> 
     </span>
     <span class='ocr_line' id='line_1_30' title="bbox 290 3080 1312 3167; baseline -0.003 -21"><span class='ocrx_word' id='word_1_222' title='bbox 290 3083 370 3146; x_wconf 88' lang='lat' dir='ltr'><strong>haec</strong></span> <span class='ocrx_word' id='word_1_223' title='bbox 394 3103 516 3164; x_wconf 88' lang='lat' dir='ltr'><strong>currus,</strong></span> <span class='ocrx_word' id='word_1_224' title='bbox 541 3083 599 3164; x_wconf 92' lang='lat' dir='ltr'><strong>qui</strong></span> <span class='ocrx_word' id='word_1_225' title='bbox 623 3082 708 3147; x_wconf 90' lang='lat' dir='ltr'><strong>eirca</strong></span> <span class='ocrx_word' id='word_1_226' title='bbox 730 3083 836 3166; x_wconf 88' lang='lat' dir='ltr'><strong>prima</strong></span> <span class='ocrx_word' id='word_1_227' title='bbox 860 3082 953 3167; x_wconf 90' lang='lat' dir='ltr'><strong>signa</strong></span> <span class='ocrx_word' id='word_1_228' title='bbox 971 3080 1180 3146; x_wconf 82' lang='lat' dir='ltr'><strong>turbaverant</strong></span> <span class='ocrx_word' id='word_1_229' title='bbox 1203 3081 1312 3159; x_wconf 90' lang='lat' dir='ltr'><strong>aciem,</strong></span> 
     </span>
    </p>
   </div>
   <div class='ocr_carea' id='block_1_3' title="bbox 247 3169 1313 3257">
    <p class='ocr_par' dir='ltr' id='par_1_3' title="bbox 247 3169 1313 3257">
     <span class='ocr_line' id='line_1_31' title="bbox 247 3169 1313 3257; baseline 0.002 -22"><span class='ocrx_word' id='word_1_230' title='bbox 247 3194 276 3235; x_wconf 80' lang='lat' dir='ltr'><strong>so</strong></span> <span class='ocrx_word' id='word_1_231' title='bbox 289 3172 325 3235; x_wconf 92' lang='lat' dir='ltr'><strong>in</strong></span> <span class='ocrx_word' id='word_1_232' title='bbox 357 3170 552 3257; x_wconf 77' lang='lat' dir='ltr'><strong>phalangem</strong></span> <span class='ocrx_word' id='word_1_233' title='bbox 589 3172 708 3235; x_wconf 89' lang='lat' dir='ltr'><strong>invecti</strong></span> <span class='ocrx_word' id='word_1_234' title='bbox 745 3175 854 3235; x_wconf 91' lang='lat' dir='ltr'><strong>erant:</strong></span> <span class='ocrx_word' id='word_1_235' title='bbox 891 3171 1083 3236; x_wconf 88' lang='lat' dir='ltr'><strong>Macedones</strong></span> <span class='ocrx_word' id='word_1_236' title='bbox 1116 3169 1313 3248; x_wconf 77' lang='lat' dir='ltr'><strong>confirmatis</strong></span> 
     </span>
    </p>
   </div>
   <div class='ocr_carea' id='block_1_4' title="bbox 290 3308 1316 3880">
    <p class='ocr_par' dir='ltr' id='par_1_4' title="bbox 290 3308 1316 3880">
     <span class='ocr_line' id='line_1_32' title="bbox 363 3308 1313 3382; baseline 0.001 -19"><span class='ocrx_word' id='word_1_237' title='bbox 363 3316 379 3363; x_wconf 84' lang='lat'>4</span> <span class='ocrx_word' id='word_1_238' title='bbox 393 3310 600 3382; x_wconf 85' lang='lat' dir='ltr'><strong>inpedimenta]</strong></span> <span class='ocrx_word' id='word_1_239' title='bbox 611 3310 739 3379; x_wconf 89' lang='lat' dir='ltr'><strong>inpedim</strong></span> <span class='ocrx_word' id='word_1_240' title='bbox 749 3314 780 3364; x_wconf 88' lang='lat' dir='ltr'><strong>ta</strong></span> <span class='ocrx_word' id='word_1_241' title='bbox 789 3316 817 3363; x_wconf 71' lang='grc' dir='ltr'><strong>Ι..</strong></span> <span class='ocrx_word' id='word_1_242' title='bbox 874 3316 889 3363; x_wconf 79' lang='lat'>5</span> <span class='ocrx_word' id='word_1_243' title='bbox 904 3310 1100 3382; x_wconf 82' lang='lat' dir='ltr'><strong>turbaverant]</strong></span> <span class='ocrx_word' id='word_1_244' title='bbox 1110 3308 1276 3374; x_wconf 70' lang='lat' dir='ltr'><strong>turbauerat</strong></span> <span class='ocrx_word' id='word_1_245' title='bbox 1284 3314 1313 3374; x_wconf 60' lang='grc' dir='ltr'><strong>Β,</strong></span> 
     </span>
     <span class='ocr_line' id='line_1_33' title="bbox 290 3379 1316 3449; baseline -0.005 -13"><span class='ocrx_word' id='word_1_246' title='bbox 290 3388 307 3436; x_wconf 87' lang='lat'>8</span> <span class='ocrx_word' id='word_1_247' title='bbox 321 3382 412 3447; x_wconf 79' lang='lat' dir='ltr'><strong>Laeti,</strong></span> <span class='ocrx_word' id='word_1_248' title='bbox 422 3382 471 3449; x_wconf 89' lang='lat' dir='ltr'><strong>qui</strong></span> <span class='ocrx_word' id='word_1_249' title='bbox 480 3388 506 3434; x_wconf 88' lang='lat'><strong>1:</strong></span> <span class='ocrx_word' id='word_1_250' title='bbox 517 3382 643 3449; x_wconf 88' lang='lat' dir='ltr'><strong>laetique</strong></span> <span class='ocrx_word' id='word_1_251' title='bbox 651 3386 682 3435; x_wconf 78' lang='grc' dir='ltr'><strong>Δ.</strong></span> <span class='ocrx_word' id='word_1_252' title='bbox 730 3388 745 3435; x_wconf 89' lang='lat'><strong>9</strong></span> <span class='ocrx_word' id='word_1_253' title='bbox 760 3382 883 3435; x_wconf 87' lang='lat' dir='ltr'><strong>Dareum</strong></span> <span class='ocrx_word' id='word_1_254' title='bbox 893 3388 919 3434; x_wconf 86' lang='lat'><strong>1:</strong></span> <span class='ocrx_word' id='word_1_255' title='bbox 935 3380 1045 3434; x_wconf 86' lang='lat' dir='ltr'><strong>darium</strong></span> <span class='ocrx_word' id='word_1_256' title='bbox 1055 3385 1085 3434; x_wconf 82' lang='grc' dir='ltr'><strong>Δ.</strong></span> <span class='ocrx_word' id='word_1_257' title='bbox 1133 3385 1168 3442; x_wconf 82' lang='grc'><strong>10</strong></span> <span class='ocrx_word' id='word_1_258' title='bbox 1181 3379 1316 3444; x_wconf 63' lang='lat' dir='ltr'><strong>borbat:</strong></span> 
     </span>
     <span class='ocr_line' id='line_1_34' title="bbox 290 3450 1313 3523; baseline -0.003 -17"><span class='ocrx_word' id='word_1_259' title='bbox 290 3454 386 3507; x_wconf 85' lang='lat' dir='ltr'><strong>hostes</strong></span> <span class='ocrx_word' id='word_1_260' title='bbox 405 3460 431 3505; x_wconf 81' lang='lat' dir='ltr'><strong>c.</strong></span> <span class='ocrx_word' id='word_1_261' title='bbox 497 3459 530 3507; x_wconf 87' lang='lat'><strong>14</strong></span> <span class='ocrx_word' id='word_1_262' title='bbox 549 3454 617 3523; x_wconf 87' lang='lat' dir='ltr'><strong>quo]</strong></span> <span class='ocrx_word' id='word_1_263' title='bbox 637 3453 713 3521; x_wconf 90' lang='lat' dir='ltr'><strong>quod</strong></span> <span class='ocrx_word' id='word_1_264' title='bbox 732 3459 759 3506; x_wconf 79' lang='lat'><strong>1..</strong></span> <span class='ocrx_word' id='word_1_265' title='bbox 817 3459 850 3507; x_wconf 84' lang='grc'><strong>19</strong></span> <span class='ocrx_word' id='word_1_266' title='bbox 870 3453 998 3506; x_wconf 88' lang='lat' dir='ltr'><strong>Menidas</strong></span> <span class='ocrx_word' id='word_1_267' title='bbox 1017 3452 1124 3506; x_wconf 67' lang='lat' dir='ltr'><strong>naurs:</strong></span> <span class='ocrx_word' id='word_1_268' title='bbox 1143 3450 1267 3520; x_wconf 64' lang='lat' dir='ltr'><strong>minitas</strong></span> <span class='ocrx_word' id='word_1_269' title='bbox 1283 3455 1313 3510; x_wconf 75' lang='grc' dir='ltr'><strong>Α.</strong></span> 
     </span>
     <span class='ocr_line' id='line_1_35' title="bbox 290 3522 1314 3595; baseline 0 -17"><span class='ocrx_word' id='word_1_270' title='bbox 290 3532 325 3580; x_wconf 87' lang='grc'>20</span> <span class='ocrx_word' id='word_1_271' title='bbox 340 3527 384 3579; x_wconf 90' lang='lat' dir='ltr'><strong>est</strong></span> <span class='ocrx_word' id='word_1_272' title='bbox 396 3525 507 3593; x_wconf 80' lang='lat' dir='ltr'><strong>scripsi:</strong></span> <span class='ocrx_word' id='word_1_273' title='bbox 522 3527 592 3578; x_wconf 72' lang='lat' dir='ltr'><strong>eth.</strong></span> <span class='ocrx_word' id='word_1_274' title='bbox 648 3529 680 3577; x_wconf 88' lang='grc'>21</span> <span class='ocrx_word' id='word_1_275' title='bbox 696 3524 782 3595; x_wconf 85' lang='lat' dir='ltr'><strong>regis]</strong></span> <span class='ocrx_word' id='word_1_276' title='bbox 798 3525 913 3595; x_wconf 84' lang='lat' dir='ltr'><strong>gerisv.</strong></span> <span class='ocrx_word' id='word_1_277' title='bbox 967 3529 1000 3576; x_wconf 90' lang='grc'><strong>22</strong></span> <span class='ocrx_word' id='word_1_278' title='bbox 1016 3522 1200 3581; x_wconf 83' lang='lat' dir='ltr'><strong>Cadusiorum</strong></span> <span class='ocrx_word' id='word_1_279' title='bbox 1211 3522 1314 3578; x_wconf 78' lang='lat' dir='ltr'><strong>Frobe-</strong></span> 
     </span>
     <span class='ocr_line' id='line_1_36' title="bbox 290 3593 1314 3666; baseline -0.003 -15"><span class='ocrx_word' id='word_1_280' title='bbox 290 3601 368 3651; x_wconf 78' lang='lat' dir='ltr'><strong>as&#39;us:</strong></span> <span class='ocrx_word' id='word_1_281' title='bbox 379 3594 577 3650; x_wconf 68' lang='lat' dir='ltr'><strong>caucasiorum</strong></span> <span class='ocrx_word' id='word_1_282' title='bbox 588 3600 618 3649; x_wconf 83' lang='grc' dir='ltr'><strong>Δ.</strong></span> <span class='ocrx_word' id='word_1_283' title='bbox 674 3595 910 3666; x_wconf 86' lang='lat' dir='ltr'><strong>Scytharumque]</strong></span> <span class='ocrx_word' id='word_1_284' title='bbox 926 3594 1136 3663; x_wconf 86' lang='lat' dir='ltr'><strong>scitharumque</strong></span> <span class='ocrx_word' id='word_1_285' title='bbox 1146 3599 1176 3659; x_wconf 82' lang='lat' dir='ltr'><strong>V,</strong></span> <span class='ocrx_word' id='word_1_286' title='bbox 1189 3593 1314 3653; x_wconf 86' lang='lat' dir='ltr'><strong>schitha-</strong></span> 
     </span>
     <span class='ocr_line' id='line_1_37' title="bbox 290 3665 1313 3737; baseline -0.002 -16"><span class='ocrx_word' id='word_1_287' title='bbox 290 3683 410 3737; x_wconf 87' lang='lat' dir='ltr'><strong>rumque</strong></span> <span class='ocrx_word' id='word_1_288' title='bbox 418 3672 473 3733; x_wconf 76' lang='lat' dir='ltr'><strong>BL,</strong></span> <span class='ocrx_word' id='word_1_289' title='bbox 483 3667 694 3735; x_wconf 86' lang='lat' dir='ltr'><strong>schitarumque</strong></span> <span class='ocrx_word' id='word_1_290' title='bbox 703 3672 732 3720; x_wconf 75' lang='lat' dir='ltr'><strong>F.</strong></span> <span class='ocrx_word' id='word_1_291' title='bbox 784 3674 818 3720; x_wconf 77' lang='lat'><strong>25</strong></span> <span class='ocrx_word' id='word_1_292' title='bbox 833 3684 868 3721; x_wconf 89' lang='lat' dir='ltr'><strong>ne</strong></span> <span class='ocrx_word' id='word_1_293' title='bbox 878 3685 929 3722; x_wconf 87' lang='lat' dir='ltr'><strong>om.</strong></span> <span class='ocrx_word' id='word_1_294' title='bbox 939 3672 959 3719; x_wconf 83' lang='lat' dir='ltr'>P</span> <span class='ocrx_word' id='word_1_295' title='bbox 968 3684 1056 3735; x_wconf 72' lang='lat' dir='ltr'><strong>supr.</strong></span> <span class='ocrx_word' id='word_1_296' title='bbox 1107 3671 1141 3719; x_wconf 85' lang='grc'>26</span> <span class='ocrx_word' id='word_1_297' title='bbox 1153 3665 1313 3735; x_wconf 86' lang='lat' dir='ltr'><strong>verebatur]</strong></span> 
     </span>
     <span class='ocr_line' id='line_1_38' title="bbox 290 3736 1313 3807; baseline -0.003 -14"><span class='ocrx_word' id='word_1_298' title='bbox 290 3739 529 3794; x_wconf 77' lang='lat' dir='ltr'><strong>uerberaturl’m.</strong></span> <span class='ocrx_word' id='word_1_299' title='bbox 537 3757 582 3807; x_wconf 74' lang='lat' dir='ltr'><strong>pr,</strong></span> <span class='ocrx_word' id='word_1_300' title='bbox 633 3745 667 3791; x_wconf 83' lang='grc'>27</span> <span class='ocrx_word' id='word_1_301' title='bbox 682 3738 895 3792; x_wconf 85' lang='lat' dir='ltr'><strong>hastatorumI:</strong></span> <span class='ocrx_word' id='word_1_302' title='bbox 912 3741 1036 3791; x_wconf 87' lang='lat' dir='ltr'><strong>astarum</strong></span> <span class='ocrx_word' id='word_1_303' title='bbox 1046 3742 1077 3790; x_wconf 77' lang='lat' dir='ltr'><strong>A.</strong></span> <span class='ocrx_word' id='word_1_304' title='bbox 1133 3742 1167 3790; x_wconf 87' lang='grc'>28</span> <span class='ocrx_word' id='word_1_305' title='bbox 1183 3736 1313 3806; x_wconf 80' lang='lat' dir='ltr'><strong>Scythas]</strong></span> 
     </span>
     <span class='ocr_line' id='line_1_39' title="bbox 291 3807 1313 3880; baseline -0.005 -15"><span class='ocrx_word' id='word_1_306' title='bbox 291 3810 397 3865; x_wconf 85' lang='lat' dir='ltr'><strong>scithas</strong></span> <span class='ocrx_word' id='word_1_307' title='bbox 407 3816 439 3878; x_wconf 82' lang='lat' dir='ltr'><strong>V,</strong></span> <span class='ocrx_word' id='word_1_308' title='bbox 453 3810 559 3864; x_wconf 79' lang='lat' dir='ltr'><strong>echites</strong></span> <span class='ocrx_word' id='word_1_309' title='bbox 569 3815 648 3864; x_wconf 73' lang='lat' dir='ltr'><strong>HI..</strong></span> <span class='ocrx_word' id='word_1_310' title='bbox 705 3816 739 3863; x_wconf 86' lang='grc'>29</span> <span class='ocrx_word' id='word_1_311' title='bbox 753 3811 846 3879; x_wconf 88' lang='lat' dir='ltr'><strong>prima</strong></span> <span class='ocrx_word' id='word_1_312' title='bbox 861 3810 942 3880; x_wconf 84' lang='lat' dir='ltr'><strong>signa</strong></span> <span class='ocrx_word' id='word_1_313' title='bbox 957 3810 1064 3864; x_wconf 72' lang='lat' dir='ltr'><strong>Lusor:</strong></span> <span class='ocrx_word' id='word_1_314' title='bbox 1080 3808 1162 3879; x_wconf 82' lang='lat' dir='ltr'><strong>signa</strong></span> <span class='ocrx_word' id='word_1_315' title='bbox 1176 3807 1269 3876; x_wconf 86' lang='lat' dir='ltr'><strong>prima</strong></span> <span class='ocrx_word' id='word_1_316' title='bbox 1283 3812 1313 3860; x_wconf 80' lang='grc' dir='ltr'><strong>Δ.</strong></span> 
     </span>
    </p>
   </div>
   <div class='ocr_carea' id='block_1_5' title="bbox 347 3904 1152 3951">
    <p class='ocr_par' dir='ltr' id='par_1_5' title="bbox 347 3904 1152 3951">
     <span class='ocr_line' id='line_1_40' title="bbox 347 3904 1152 3951; baseline -0.002 1"><span class='ocrx_word' id='word_1_317' title='bbox 347 3910 452 3951; x_wconf 72' lang='lat' dir='ltr'><strong>Quartus</strong></span> <span class='ocrx_word' id='word_1_318' title='bbox 466 3910 548 3951; x_wconf 83' lang='lat' dir='ltr'><strong>Eurus</strong></span> <span class='ocrx_word' id='word_1_319' title='bbox 563 3910 598 3950; x_wconf 84' lang='lat' dir='ltr'><strong>ed.</strong></span> <span class='ocrx_word' id='word_1_320' title='bbox 612 3910 750 3949; x_wconf 81' lang='lat' dir='ltr'><strong>Hedicke.</strong></span> <span class='ocrx_word' id='word_1_321' title='bbox 778 3910 821 3949; x_wconf 82' lang='lat' dir='ltr'><strong>Ed.</strong></span> <span class='ocrx_word' id='word_1_322' title='bbox 836 3908 915 3948; x_wconf 80' lang='lat' dir='ltr'><strong>maior.</strong></span> <span class='ocrx_word' id='word_1_323' title='bbox 1138 3904 1152 3950; x_wconf 79' lang='lat'><strong>7</strong></span> 
     </span>
    </p>
   </div>
   <div class='ocr_carea' id='block_1_6' title="bbox 0 0 1586 4459">
    <p class='ocr_par' dir='ltr' id='par_1_6' title="bbox 0 0 1586 4459">
     <span class='ocr_line' id='line_1_41' title="bbox 0 0 1586 4459; baseline 0 0"><span class='ocrx_word' id='word_1_324' title='bbox 0 0 1586 4459; x_wconf 95' lang='lat' dir='ltr'><strong> </strong></span> 
     </span>
    </p>
   </div>
  </div>
 </body>
</html>
