3150 4459
436 462 690 516 HISTORIARUM
709 462 926 516 ALEXANDRI
944 462 1029 528 VIIII,
1049 469 1072 515 3.
1202 462 1267 526 319

240 626 356 708 putria.
403 624 471 689 lam
505 625 569 690 tela
601 626 730 690 hebetia
763 630 853 708 sunt,
884 627 950 690 iam
983 649 1073 690 arma
1105 625 1267 689 deficiunt.

240 714 373 778 Vestem
397 714 559 778 Persicam
591 715 710 799 induti,
743 717 820 798 quia
844 716 1019 779 domestica
1042 712 1178 779 subvehi
1201 738 1267 779 non

239 807 361 887 potest,
398 805 433 867 in
465 808 634 869 externum
667 804 931 890 degeneravimus
965 806 1097 869 cultum.
1160 802 1267 879 Quoto
1288 821 1320 870 11

241 895 356 977 cuique
380 892 482 959 lorica
514 894 585 958 est?
618 894 691 977 quis
725 915 843 979 equum
876 893 998 956 habet?
1035 892 1114 958 lube
1148 894 1268 976 quaeri,

213 1005 338 1066 squam
361 982 482 1047 multos
507 984 590 1047 servi
612 983 756 1066 ipsorum
775 983 936 1067 persecuti
955 982 1030 1065 sint,
1054 982 1133 1067 quid
1152 982 1268 1065 cuique

241 1073 382 1154 supersit
405 1094 443 1135 ex
466 1073 592 1155 praeda.
640 1071 793 1136 Omnium
821 1074 961 1138 victores
985 1072 1131 1136 omnium
1155 1072 1268 1154 inopes

240 1182 359 1224 sumus.
399 1160 470 1226 Nec
492 1161 623 1225 luxuria
645 1162 839 1243 laboremne,
863 1162 919 1225 sed
942 1161 1029 1226 bello
1053 1162 1269 1225 instrumenta

239 1250 317 1314 belli
340 1252 610 1333 consumpsimus,
647 1249 743 1314 Hunc
762 1254 799 1314 tu
817 1249 1072 1334 pulcherrimum
1092 1252 1268 1314 exercitum
1288 1268 1321 1316 11

239 1340 361 1403 nudum
391 1340 511 1403 obicies
540 1339 666 1404 beluis?
708 1338 852 1415 Quarum
879 1344 916 1403 ut
943 1338 1185 1403 multitudinem
1215 1362 1269 1403 au-

199 1455 225 1493 10
240 1433 338 1511 geant
362 1429 401 1492 de
424 1429 584 1492 industria
606 1427 746 1510 barbari,
769 1450 924 1514 magnum
945 1432 1055 1492 tamen
1072 1449 1141 1492 1111
1159 1449 1269 1492 nume-

240 1541 311 1581 rum
341 1519 438 1582 etiam
467 1541 506 1581 ex
535 1519 701 1582 mendacio
730 1518 893 1603 intellego.
941 1516 1064 1593 Quodsi
1087 1517 1193 1582 adhuc
1215 1535 1321 1600 pe-13

238 1612 365 1671 netrare
393 1609 426 1670 in
451 1606 578 1671 Indiam
602 1612 727 1672 certum
752 1610 815 1688 est,
846 1608 937 1691 regio
961 1629 980 1670 a
1002 1606 1137 1670 meridie
1161 1608 1268 1671 minus

239 1702 330 1761 vasta
353 1701 415 1761 est:
440 1719 505 1781 qua
528 1697 662 1761 subacta
685 1696 799 1761 licebit
822 1697 988 1760 decurrere
1012 1698 1046 1760 in
1071 1696 1151 1761 illud
1171 1717 1268 1780 mare,

241 1787 328 1868 quod
351 1786 447 1850 rebus
466 1785 617 1850 humanis
637 1787 811 1851 terminum
831 1786 936 1849 voluit
955 1807 1024 1849 esse
1042 1790 1166 1849 natura.
1204 1784 1270 1848 Cur
1289 1803 1323 1850 14

198 1902 224 1941 rs
239 1876 376 1938 circuitu
408 1876 491 1957 petis
524 1874 676 1960 gloriam,
709 1897 791 1959 quae
824 1875 864 1937 ad
897 1896 1028 1938 manum
1061 1875 1169 1957 posita
1197 1874 1268 1937 est?

239 1963 303 2027 Hic
327 1985 455 2047 quoque
480 1966 621 2029 occurrit
644 1963 800 2029 Oceanus.
837 1963 911 2028 Nisi
935 1964 1037 2028 mavis
1062 1985 1268 2047 111111011-

239 2052 400 2135 venimus,
432 2075 497 2137 quo
530 2058 587 2117 tua
613 2054 746 2118 fortuna
773 2053 871 2117 ducit.
918 2052 1007 2117 Haeo
1039 2057 1145 2116 tecum
1171 2074 1267 2135 quam
1289 2070 1322 2119 15

240 2143 308 2206 sine
337 2146 368 2205 te
397 2164 469 2206 cum
497 2141 548 2205 his
572 2143 663 2226 loqui
686 2143 802 2223 malui,
833 2164 900 2206 non
922 2143 971 2205 uti
995 2141 1110 2207 inirem
1135 2142 1267 2206 circum-

241 2232 356 2298 stantis
389 2233 549 2295 exercitus
581 2232 734 2317 gratiam,
766 2232 823 2296 sed
855 2235 892 2295 ut
924 2252 1037 2296 vocem
1063 2233 1268 2316 loquentium

184 2325 223 2380 13
239 2322 348 2403 potius
388 2342 485 2403 quam
518 2321 674 2405 gemitum
707 2320 981 2385 murmurantium
1014 2321 1162 2385 audires?
1222 2320 1268 2385 Ut
1289 2337 1321 2385 16

199 2435 225 2473 11
239 2410 337 2472 finem
366 2409 505 2473 orationi
529 2409 657 2473 Coenus
685 2409 844 2493 inposuit,
877 2410 999 2474 clamor
1029 2410 1171 2492 undique
1195 2431 1267 2474 cum

239 2499 369 2582 ploratu
397 2499 501 2563 oritur
527 2522 652 2585 regem,
684 2503 822 2582 patrem,
855 2499 1022 2563 dominum
1047 2499 1191 2563 confusis
1215 2521 1268 2581 ap-

240 2589 431 2670 pellantium
454 2589 598 2653 vocibus.
635 2586 767 2673 lamque
788 2593 822 2653 et
841 2588 896 2653 alii
915 2589 1012 2653 duces
1031 2588 1268 2672 praecipueque
1289 2604 1320 2651 1⁷

240 2678 396 2759 seniores,
429 2678 503 2761 quis
532 2677 574 2742 ob
598 2681 738 2741 aetatem
762 2682 795 2741 et
818 2678 983 2741 excusatio
1006 2677 1176 2741 honestior
1199 2680 1268 2739 erat

199 2770 273 2831 sset
295 2767 472 2831 auctoritas
496 2769 607 2849 maior,
631 2767 741 2830 eadem
759 2767 982 2849 precabantur.
1019 2765 1079 2831 Ille
1097 2786 1157 2829 nec
1175 2765 1269 2828 casti·
1288 2783 1321 2831 18

240 2877 316 2940 gare
336 2856 518 2921 obstinatos
532 2878 592 2922 110
607 2856 750 2939 mitigari
764 2859 893 2938 poterat
908 2856 1022 2919 iratus:
1050 2856 1159 2937 itaque
1174 2854 1267 2938 inops

240 2946 368 3009 consilii
384 2945 515 3011 desiluit
530 2968 569 3010 ex
584 2944 740 3009 tribunali
760 2943 931 3027 claudique
945 2945 1069 3030 regiam
1088 2943 1184 3008 iussit
1203 2965 1268 3008 om-

240 3033 336 3096 nibus
364 3038 491 3116 praeter
519 3035 671 3099 adsuetos
695 3034 784 3097 adire
808 3032 989 3116 prohibitis.
1038 3032 1178 3097 Biduum
1203 3032 1268 3096 irae
1288 3052 1321 3099 19

314 3216 326 3262 1
348 3209 463 3263 hebetia
482 3214 503 3261 B
521 3228 556 3265 m.
573 3226 637 3265 see:
662 3209 758 3263 ebetia
777 3214 807 3261 Δ.
901 3214 917 3261 1
936 3207 1032 3261 induti
1052 3208 1206 3261 1111111111
1226 3207 1268 3260 in-

242 3281 304 3333 duit
330 3287 363 3347 P,
389 3280 470 3333 indui
491 3287 521 3348 0,
547 3282 579 3335 ia
604 3282 729 3351 margine
758 3280 874 3335 additur
901 3297 964 3333 mus
990 3280 1032 3334 uel
1051 3286 1091 3333 ·Λ·
1115 3278 1268 3333 induimus.

240 3357 257 3404 4
276 3352 354 3423 iube]
374 3352 454 3405 iubet
467 3359 494 3404 P.
551 3358 568 3405 o
587 3352 645 3406 sint
662 3354 822 3421 Zumptiaa:
843 3355 909 3405 suut
922 3356 953 3404 Δ.
1010 3350 1079 3418 quid
1095 3350 1266 3405 Frobeaias:

241 3424 357 3490 quodi.
405 3424 555 3494 8tu]tec.
603 3429 634 3477 11
651 3423 811 3506 mendacio]
821 3422 1059 3476 mendatioLPV.
1108 3427 1140 3475 13
1156 3421 1265 3493 licebit]

240 3494 346 3548 licebat
364 3501 385 3547 P
403 3512 437 3549 m.
453 3514 498 3565 pr.
557 3501 591 3548 15
611 3495 742 3565 circuitu]
762 3495 925 3547 curtulim.
936 3511 983 3563 pr.
1040 3498 1073 3546 18
1094 3493 1170 3565 cum]
1190 3500 1265 3549 euP.

243 3572 275 3619 19
299 3567 432 3637 gratiam]
457 3567 585 3636 graciam
607 3573 636 3621 P.
729 3572 762 3619 11
788 3564 897 3620 Coenus
922 3566 1026 3620 Aldus:
1050 3581 1158 3635 poenus
1181 3570 1212 3617 Δ.

241 3638 358 3709 clamor]
378 3637 452 3691 clam
470 3644 491 3690 P
510 3655 545 3692 m.
557 3655 602 3706 pr.
681 3642 716 3690 24
735 3638 783 3708 ob]
803 3636 839 3690 ab
858 3641 906 3688 BP
920 3654 954 3691 m.
968 3654 1012 3705 pr.
1028 3642 1055 3690 P.
1138 3642 1171 3689 16
1191 3636 1267 3690 miti-

241 3711 303 3779 gari
327 3711 481 3765 Kiacbiua:
505 3709 639 3779 mitigare
664 3716 689 3774 c,
713 3708 841 3779 migsare
865 3714 892 3761 P.
1003 3708 1105 3779 iratus]
1130 3708 1217 3762 iratos
1242 3714 1266 3761 c.

242 3787 274 3834 17
295 3799 329 3834 ex
347 3782 458 3851 serebat:
479 3783 509 3835 et
526 3787 556 3849 P,
575 3798 590 3834 e
610 3787 636 3834 c.
711 3780 874 3852 claudique]
894 3779 1029 3849 cludique
1048 3786 1075 3833 P.
1164 3785 1198 3833 18
1218 3780 1266 3832 ad-

241 3853 293 3923 ire]
313 3853 412 3907 adhire
430 3859 459 3907 P.
522 3902 527 3911 ,
