3150 4459
489 438 742 494 HISTORIARUM
759 438 976 493 ALEXANDRI
995 438 1040 506 Vl,
1062 445 1103 492 11.
1243 438 1305 503 193

288 603 344 685 qni
363 608 439 667 vota
457 625 516 687 pro
531 600 753 668 incolumitate
772 603 858 689 regis
878 603 994 688 optimi
1007 603 1199 683 persolvant.
1227 602 1310 668 Tum
1329 619 1346 666 8

287 714 363 756 vero
387 693 536 757 universa
564 692 672 758 contio
697 713 829 757 accensa
844 692 909 776 est,
933 695 966 756 et
995 693 1179 777 acorporis
1204 696 1310 757 custo-

288 781 382 845 dibus
413 781 542 845 initium
566 782 687 846 factum
713 780 942 865 clamantibus,
973 780 1218 865 discerpendum
1240 803 1309 846 esse

287 871 479 953 parricidam
504 871 653 937 manibus
685 893 805 936 eornm.
851 868 889 934 ld
917 869 1046 953 quidem
1069 870 1226 950 Philotae,
1254 871 1310 955 qui

261 960 438 1044 agrariora
461 959 619 1045 supplicia
647 963 819 1043 metueret,
851 958 938 1024 haud
966 981 1041 1024 rane
1065 959 1177 1043 iniquo
1202 961 1309 1024 animo

233 1054 272 1109 42
288 1048 451 1113 audiebat:
478 1055 512 1113 at
533 1051 647 1114 rex'in
669 1050 853 1114 contionem
874 1069 1030 1132 reversus,
1054 1048 1121 1113 sive
1144 1051 1181 1112 ut
1205 1048 1239 1113 in
1259 1066 1344 1113 cue

288 1138 393 1201 stodia
416 1160 545 1222 quoque
564 1141 737 1223 torqueret,
760 1140 828 1202 sive
846 1142 883 1203 nt
907 1138 1095 1224 diligentius
1119 1143 1235 1202 cuncta
1259 1160 1309 1203 co·

288 1232 464 1312 gnosceret,
483 1227 657 1294 concilium
671 1228 884 1312 inposterum
901 1228 986 1291 diem
1001 1226 1128 1291 distulit
1142 1232 1182 1310 et,
1201 1249 1310 1312 quam-

288 1339 385 1399 quain
408 1319 442 1381 in
466 1340 632 1401 vesperam
656 1316 835 1383 inclinabat
858 1317 938 1402 dies,
962 1320 1071 1380 tamen
1094 1317 1213 1381 amicos
1237 1338 1309 1380 con-

248 1407 395 1471 rovocari
419 1406 516 1470 iubet.
562 1406 607 1469 Et
630 1407 743 1471 ceteris
762 1406 892 1491 quidem
917 1404 1074 1490 placebat,
1096 1404 1309 1470 Macedonum
1331 1423 1364 1471 10

288 1518 377 1560 more
410 1496 503 1560 obrui
537 1496 636 1579 saxis,
666 1494 866 1579 Hephaestio
895 1498 1002 1559 autem
1031 1499 1065 1558 et
1098 1493 1247 1559 Craterus
1277 1499 1311 1559 et

289 1583 414 1649 Coenos
445 1583 615 1650 tormentis
648 1586 818 1649 veritatem
850 1583 1090 1668 exprimendam
1123 1605 1192 1648 esse
1225 1584 1310 1648 dixe-

289 1679 379 1738 runt:
414 1680 446 1737 et
472 1674 522 1738 illi
553 1696 697 1757 quoqne,
725 1675 781 1757 qui
807 1673 895 1752 aliud
920 1677 1103 1755 suaserant,
1136 1672 1171 1736 in
1193 1671 1310 1737 horum

288 1764 482 1828 sententiam
509 1768 686 1827 transeunt.
728 1761 870 1827 Consilio
899 1784 977 1847 ergo
1006 1762 1139 1827 dimisso
1163 1761 1311 1846 Hephae·
1331 1781 1363 1827 11

248 1881 274 1919 15
288 1852 376 1916 stion
395 1874 467 1916 cnm
486 1851 618 1916 Cratero
638 1857 670 1917 et
690 1850 798 1916 Coeno
818 1852 857 1915 ad
877 1852 1098 1936 quaestionem
1123 1851 1161 1915 de
1179 1849 1311 1917 Philota

288 1941 468 2005 habendam
496 1946 703 2025 consurgrmt.
750 1940 822 2006 Rex
846 1939 978 2005 Cratero
1009 1940 1165 2005 accersito
1189 1944 1222 2005 et
1248 1962 1311 2005 ser·
1331 1958 1364 2005 ra

289 2052 383 2094 mone
407 2030 530 2112 habito,
554 2031 645 2096 cuius
669 2052 796 2094 summa
819 2052 885 2094 non
909 2029 994 2093 edita
1018 2035 1081 2111 est,
1105 2030 1140 2093 in
1163 2030 1310 2094 intimam

289 2119 463 2183 deversorii
490 2123 616 2203 partem
644 2122 776 2183 secessit
804 2123 836 2184 et
859 2120 993 2183 remotis
1018 2117 1149 2182 arbitris
1172 2121 1207 2183 in
1231 2120 1310 2185 mul-

289 2212 355 2272 tam
379 2213 508 2273 noctem
532 2208 730 2293 quaestionis
757 2207 940 2292 expectavit
963 2203 1133 2272 eventum(
1158 2207 1310 2272 Tortores
1331 2227 1364 2273 13

248 2326 275 2365 so
289 2300 323 2361 in
347 2301 555 2381 conspectum
579 2297 726 2363 Philotae
750 2297 859 2363 omnia
881 2296 1080 2361 crudelitatis
1098 2297 1313 2363 instrumenta

289 2391 484 2471 proponunt.
517 2386 561 2450 Et
585 2386 639 2451 ille
658 2387 759 2451 ultro:
783 2385 881 2463 ‘Quid
900 2386 1053 2469 cessatis',
1072 2386 1188 2470 inquit,
1213 2387 1311 2472 ‘regis
1331 2402 1365 2453 11

289 2477 471 2559 inimicum,
504 2476 743 2541 interfectorem
772 2477 979 2558 confitentem
1008 2475 1176 2540 occidere?
1228 2475 1309 2552 Quid

290 2566 478 2648 quaestione
510 2588 591 2649 opus
621 2566 694 2631 est‘?
727 2564 885 2651 cogitavi,
915 2564 1025 2629 volui’
1073 2564 1225 2629 Craterus
1249 2566 1311 2629 exi-

290 2677 373 2739 gere,
392 2659 438 2737 ut,
462 2678 542 2738 qnae
563 2656 778 2739 confiteretur,
797 2655 832 2717 in
850 2653 1164 2737 tormentisquoque
1184 2653 1311 2719 diceret.

249 2774 275 2812 aa
291 2744 372 2807 Tum
389 2745 564 2828 corripitur
582 2749 624 2829 et,
643 2745 719 2807 dum
736 2743 924 2829 obligantur
943 2742 1038 2826 oculi,
1056 2742 1133 2806 dum
1147 2743 1246 2807 vestis
1262 2766 1311 2807 ex·
1335 2760 1365 2807 15

288 2835 387 2914 nitur,
411 2834 487 2898 deos
505 2835 638 2917 patrica,
661 2832 808 2918 gentium
827 2832 897 2896 iura
915 2834 1112 2915 nequiquam
1136 2832 1219 2915 apud
1244 2853 1309 2895 sur·

363 3053 376 3097 1
397 3046 459 3115 pro]
479 3050 578 3113 perv.
640 3043 849 3113 incolumitate]
868 3042 1064 3096 incolomitate
1082 3047 1136 3095 ΕΡ.
1199 3042 1311 3114 optimi]

289 3116 390 3169 obtimi
414 3123 441 3168 L.
538 3116 684 3185 reontio]
710 3115 808 3169 concio
826 3119 857 3167 V.
949 3112 1110 3183 tinitium]
1140 3113 1257 3166 inicium
1280 3119 1310 3167 V.

290 3195 306 3240 4
326 3187 464 3258 Philotas]
483 3186 617 3255 phylotas
635 3191 691 3241 BV.
783 3192 800 3239 ὁ
818 3185 929 3256 iniquo]
947 3185 1034 3252 inquo
1053 3189 1084 3237 V.
1176 3189 1192 3236 6
1212 3191 1246 3239 at
1262 3200 1312 3239 rex

291 3260 508 3312 Freinshemius:
528 3276 577 3312 rex
594 3264 625 3311 A.
712 3257 884 3339 contionem]
904 3256 1067 3310 concionem
1085 3261 1116 3309 V.
1205 3262 1236 3309 11
1256 3255 1311 3309 He·

290 3330 420 3398 phaestio
433 3332 544 3398 scripsi:
560 3330 687 3398 ephestio
697 3335 720 3381 A
734 3328 894 3401 [euphestio
908 3332 929 3379 A
945 3345 978 3381 m.
990 3328 1056 3399 pr]
1109 3333 1141 3381 12
1157 3326 1263 3381 Coenos
1278 3334 1309 3381 P:

291 3419 393 3455 coenus
417 3408 441 3454 c.
534 3407 567 3453 14
591 3401 773 3471 seutentiam]
800 3399 972 3454 sentenciam
995 3404 1026 3452 V.
1117 3398 1311 3467 Hephaestion

291 3476 408 3543 Corpus:
429 3472 576 3540 ephestion
595 3477 625 3526 A.
689 3478 722 3526 15
742 3471 790 3542 ad]
811 3474 842 3525 at
855 3476 884 3525 P.
948 3469 1073 3541 Philota]
1091 3469 1210 3538 phylota
1229 3475 1309 3524 BLV.

292 3550 325 3597 16
345 3543 492 3614 accersito]
512 3544 645 3599 arcersito
659 3549 688 3597 r.
763 3549 796 3597 18
816 3542 968 3596 deversorii
985 3542 1095 3611 scripsi:
1116 3540 1264 3595 diuersorii
1278 3547 1308 3596 A.

292 3622 325 3668 19
345 3616 487 3685 eventum]
516 3617 545 3669 et
567 3618 684 3669 uentum
707 3622 735 3669 1..
845 3619 879 3667 20
901 3612 1044 3684 Philotae]
1067 3612 1203 3682 phylotae
1228 3617 1310 3665 BLV.

291 3693 323 3740 21
344 3687 393 3741 ille
412 3694 437 3740 1:
457 3686 506 3740 illo
525 3693 556 3740 A.
642 3687 748 3758 inquit]
767 3685 867 3754 inquid
885 3691 939 3738 111.
1027 3690 1060 3738 22
1080 3683 1166 3755 Quid]
1185 3684 1260 3752 qnod
1279 3689 1311 3749 V,

290 3777 340 3812 om.
356 3765 383 3813 P.
468 3765 500 3811 25
520 3758 592 3811 Tum
610 3765 642 3811 P:
663 3758 729 3811 dum
750 3764 775 3810 0.
862 3762 896 3811 26
916 3755 1056 3828 gentium]
1075 3756 1207 3825 gencium
1225 3760 1256 3808 V.

288 3832 378 3901 apud]
398 3834 467 3899 aput
485 3836 513 3884 Ρ.
587 3830 698 3901 surdas]
718 3830 815 3883 surdas
834 3834 861 3882 1².

345 3930 448 3970 Ouarrus
463 3930 544 3969 Rusus
559 3929 593 3969 ed.
608 3928 744 3969 Hedicke.
770 3930 813 3968 Ed.
829 3928 908 3968 maior.
1117 3921 1154 3968 l'b
