3150 4459
318 435 361 499 62
698 434 730 500 Q.
750 433 859 489 CURTI
876 434 963 488 aun

318 600 451 682 evomit,
479 622 538 666 nec
567 622 643 664 saxa
671 605 836 684 cotesque,
870 622 951 684 quae
980 597 1187 681 interpellent
1214 619 1344 682 specus,

282 708 297 754 9
318 690 456 753 obstant.
503 687 609 774 Igitur
627 691 667 753 ab
687 713 725 754 ea
742 694 843 773 parte,
863 711 960 772 quam
979 689 1134 772 oppidani
1152 687 1343 771 conspicere

316 800 383 843 non
412 783 559 862 possent,
590 801 671 862 opus
700 802 807 863 orsus,
838 784 874 843 ut
901 801 920 842 a
948 800 1044 842 sensu
1072 778 1141 841 cius
1170 781 1344 861 averteret,

317 872 422 932 turres
445 869 547 933 muris
571 868 733 933 admoveri
762 869 862 933 iubet.
909 865 969 931 Sed
995 866 1105 931 eadem
1129 866 1250 940 humus
1275 888 1344 931 mo·

317 958 428 1021 vendis
466 957 591 1021 inutilis
629 959 772 1021 turribus
809 957 972 1023 desidente
1010 955 1122 1021 sabulo
1156 956 1344 1041 agilitatem
1372 982 1383 1022 1

316 1050 460 1110 rotarum
493 1052 616 1112 morata
645 1049 743 1111 etium
771 1044 916 1111 tabulata
945 1048 1083 1110 turrium
1105 1045 1343 1131 perfringebat,

317 1136 475 1219 multique
500 1137 752 1200 vulnerabantur
774 1137 904 1218 inpune,
932 1157 1005 1201 cum
1036 1136 1120 1199 idem
1145 1134 1343 1218 recipiendis

264 1243 297 1289 1c
317 1226 373 1309 qui
405 1226 612 1290 admovendis
643 1226 787 1290 turribus
820 1227 914 1290 labor
946 1246 1000 1289 ecs
1032 1225 1191 1309 fatigaret.
1247 1222 1342 1309 Ergo

318 1315 461 1398 receptui
484 1318 578 1399 signo
603 1315 676 1379 dato
701 1319 831 1401 postero
856 1315 907 1379 dic
932 1336 1041 1379 muros
1065 1335 1184 1377 corona
1203 1312 1344 1377 circum·

317 1405 385 1468 dari
408 1405 513 1470 iussit.
560 1402 704 1488 Ortoque
728 1407 805 1486 sole,
829 1405 1017 1489 priusquam
1041 1403 1225 1467 admoveret
1250 1425 1383 1469 exer-1⁰

317 1494 432 1576 citum,
470 1516 563 1578 opem
602 1494 695 1557 deum
729 1515 906 1578 exposcens
944 1514 1070 1559 sacrum
1107 1492 1212 1575 patrio
1246 1514 1341 1558 more

264 1600 294 1647 11
316 1582 464 1648 faciebat.
514 1582 612 1648 Forte
643 1584 883 1667 praetervolans
917 1604 1031 1647 corvus
1064 1581 1206 1667 glebam,
1239 1602 1341 1664 quam

316 1672 480 1757 unguibus
504 1673 635 1755 ferebat,
660 1673 768 1737 subito
787 1674 909 1737 amisit:
934 1693 1108 1755 quaecum
1131 1670 1218 1756 regis
1238 1670 1341 1755 capiti

316 1761 491 1841 incidisset,
510 1762 653 1826 resoluta
672 1762 816 1846 defluxit,
835 1763 905 1845 ipsa
924 1764 1031 1825 autem
1051 1763 1118 1824 aris
1138 1760 1172 1823 in
1190 1760 1341 1843 proxima

316 1854 404 1914 turre
424 1851 577 1916 consedit.
622 1849 721 1915 Inlita
740 1856 808 1916 erat
827 1851 926 1915 turris
940 1850 1101 1916 bitumine
1120 1870 1158 1913 ac
1172 1849 1339 1933 sulphure,
1353 1874 1376 1915 11

316 1940 351 2003 in
374 1962 438 2023 qua
461 1940 521 2006 alis
544 1941 751 2005 haerentibus
779 1941 901 2005 frustra
931 1962 964 2004 se
988 1940 1134 2004 adlevare
1158 1943 1295 2003 conatus
1321 1961 1339 2001 a

264 2044 296 2091 12
316 2030 599 2094 circumstantibus
624 2030 758 2114 capitur.
805 2030 914 2115 Digna
937 2051 987 2093 res
1005 2030 1083 2107 visa,
1107 2028 1146 2092 de
1165 2050 1228 2111 qua
1247 2033 1337 2092 vates

317 2118 512 2184 consuleret:
537 2125 569 2183 et
593 2125 661 2184 erat
680 2142 745 2185 non
764 2121 904 2185 intactae
923 2142 941 2182 a
960 2118 1190 2203 superstitione
1209 2120 1337 2182 mentis.

316 2208 404 2293 Ergo
434 2207 639 2292 Aristander,
668 2209 720 2274 cui
748 2209 889 2274 maxima
917 2209 996 2273 fides
1024 2207 1218 2291 habebatur,
1245 2206 1337 2272 urbis

316 2298 446 2381 quidem
477 2298 637 2364 excidium
670 2300 717 2362 uit
744 2299 879 2385 augurio
913 2298 970 2362 illc
999 2296 1160 2381 portendi:
1194 2300 1337 2361 ceterum
1351 2322 1375 2361 a

316 2386 495 2471 periculum
519 2410 601 2471 esse,
629 2410 669 2452 ne
698 2410 754 2451 rex
777 2389 894 2452 vulnus
919 2388 1085 2471 acciperet.
1131 2384 1246 2470 Itaque
1270 2409 1335 2451 mc-

263 2492 296 2540 11
316 2478 396 2560 nuit,
424 2500 464 2541 ne
489 2477 566 2562 quid
590 2498 627 2540 eo
652 2478 703 2542 die
726 2480 890 2562 inciperet.
936 2475 996 2540 Ille
1020 2497 1214 2559 quamquam
1238 2479 1336 2540 unani

315 2566 428 2631 urbem
462 2565 537 2650 sibi,
570 2589 634 2650 quc
668 2570 773 2631 minus
807 2589 937 2632 securus
970 2565 1158 2650 Aegyptum
1192 2565 1337 2650 intraret,

316 2656 444 2720 obstare
475 2678 569 2741 aegre
599 2656 736 2740 ferebat,
771 2660 880 2720 tamen
909 2655 1017 2739 paruit
1046 2656 1113 2719 vati
1143 2654 1337 2740 signumque

316 2746 459 2829 receptui
479 2745 576 2810 dedit,
622 2744 708 2809 Hinc
722 2746 849 2810 animus
864 2746 966 2810 crevit
980 2744 1130 2826 obsessis,
1148 2742 1336 2829 egressique
1350 2748 1382 2803 11

315 2840 410 2918 porta
424 2835 649 2899 recedentibus
668 2835 812 2899 inferunt
831 2836 923 2920 signa
937 2834 1177 2898 cunctationem
1191 2832 1336 2897 hostium
1350 2859 1374 2898 ac

263 2940 296 2987 14
316 2946 406 2988 suam
427 2924 497 2988 fore
517 2924 719 2990 occasionem
742 2925 812 2989 rati.
860 2924 923 2989 Sed
942 2925 1046 2988 acrius
1071 2945 1166 3007 quarn
1186 2928 1336 2987 constan-

316 3013 381 3077 tius
411 3014 570 3097 proelium
602 3014 756 3078 inierunt:
787 3014 907 3098 quippe
935 3017 971 3078 ut
999 3012 1212 3079 Macedonum
1241 3012 1336 3098 signa

316 3104 492 3189 circumagi
515 3104 632 3186 videre,
655 3107 787 3188 repente
811 3104 930 3168 sistunt
949 3103 1092 3187 gradum.
1138 3099 1273 3184 lamque
1296 3101 1337 3165 ad

316 3214 424 3278 regem
444 3194 673 3276 proeliantium
698 3193 819 3257 clamor
837 3197 1034 3276 pervenerat,
1057 3214 1129 3255 cum
1153 3190 1335 3255 denuntiati
1350 3216 1375 3255 rc

316 3282 451 3364 periculi
474 3282 561 3347 haud
591 3305 666 3347 sane
691 3303 814 3347 memor
835 3283 968 3346 loricam
993 3286 1109 3363 tamen,
1138 3302 1234 3363 quam
1262 3301 1335 3344 raro

317 3370 479 3455 induebat,
503 3373 615 3436 amicis
640 3371 806 3436 orantibus
830 3372 970 3456 sumpsit
998 3371 1090 3435 etad
1115 3371 1219 3454 prima
1243 3369 1336 3455 signa

389 3619 526 3673 levomit
547 3620 666 3674 Giaata:
694 3636 825 3673 euomens
844 3624 874 3671 A.
967 3620 1101 3672 betium
1119 3618 1229 3686 scripsi:
1257 3620 1285 3671 et
1304 3620 1335 3670 A.

318 3696 350 3743 14
370 3690 498 3761 defluxit]
519 3692 617 3744 defluit
630 3697 660 3743 V.
719 3697 751 3743 15
771 3689 916 3761 sulphure]
937 3690 1050 3759 sulpure
1069 3694 1176 3742 ΗΠ.
1232 3694 1267 3741 20
1286 3689 1337 3742 uit

316 3761 422 3816 addidi.
499 3770 531 3815 12
551 3763 672 3833 monuit]
691 3762 781 3816 mouit
795 3768 815 3814 Ρ
829 3780 918 3830 capr.
989 3769 1022 3816 21
1042 3760 1115 3813 Hinc
1134 3766 1167 3813 1³:
1187 3760 1240 3812 Hic
1255 3766 1280 3813 ὓ.

316 3834 488 3905 egressique]
509 3834 684 3904 egressisque
703 3839 723 3887 B
741 3852 776 3889 m.
788 3851 841 3902 pr,
862 3834 1007 3902 egresique
1026 3839 1055 3886 F.
