3150 4459
294 442 358 506 184
669 438 699 505 Q.
720 439 831 495 GURTI
847 439 935 494 RUFI

238 622 272 670 11
293 603 357 669 Hic
379 602 554 689 Amyntae,
588 603 644 686 qui
671 604 753 668 mihi
777 604 987 668 consobrinus
1010 604 1074 669 fuit
1097 602 1186 668 etin
1210 602 1319 668 Mace

292 694 389 758 donia
412 692 511 777 capiti
533 714 606 755 meo
625 692 740 777 impias
760 693 948 777 conparavit
971 692 1113 776 insidias,
1136 693 1262 757 socium
1283 715 1318 757 se

292 785 325 848 et
361 782 525 848 conscium
562 782 716 847 adiunxit.
771 781 836 847 Hic
867 782 995 865 Attalo,
1032 804 1096 865 quo
1130 782 1315 866 graviorem

292 872 458 937 inimicum
490 892 556 935 non
585 870 699 951 habui,
731 892 875 937 sororem
899 894 990 936 suam
1014 872 1048 935 in
1070 871 1316 936 matrimonium

239 978 273 1027 18
293 960 389 1026 dedit.
426 960 499 1044 Hic,
522 981 595 1025 cum
618 960 819 1044 scripsissem
842 961 872 1024 ei
893 982 952 1044 pro
972 961 1125 1026 iuratam
1144 960 1315 1025 familiaris
1345 989 1359 1029 ⁵

293 1072 371 1115 usus
389 1054 486 1134 atque
505 1049 676 1134 amicitiae,
699 1050 804 1133 qualis
823 1071 892 1114 sors
911 1049 997 1115 edita
1016 1055 1101 1115 esset
1114 1048 1200 1113 Iovis
1214 1048 1315 1114 Ham·

292 1139 397 1205 monis
430 1138 574 1223 oraculo,
605 1138 760 1204 sustinuit
791 1140 982 1222 rescribere,
1012 1138 1093 1204 mihi
1122 1160 1155 1204 se
1183 1139 1315 1222 quidem

291 1229 462 1315 gratulari,
495 1228 581 1311 quod
612 1227 646 1292 in
674 1250 843 1293 numerum
871 1228 1003 1294 deorum
1029 1232 1176 1313 receptus
1200 1250 1315 1311 essem,

293 1321 435 1383 aeterum
466 1316 612 1381 misereri
644 1339 769 1398 eorum,
801 1316 919 1401 quibus
946 1317 1119 1382 vivendum
1143 1320 1227 1381 esset
1251 1318 1314 1381 sub

231 1424 273 1471 ie
292 1428 340 1489 eo,
364 1407 421 1491 qui
443 1405 575 1472 modum
597 1404 739 1471 hominis
762 1406 936 1472 excederet.
982 1405 1072 1471 Haec
1094 1409 1170 1470 sunt
1193 1410 1225 1469 et
1248 1408 1314 1470 iam
1330 1434 1358 1473 ιο

292 1496 417 1580 pridem
440 1495 540 1560 animi
564 1494 694 1560 alienati
718 1518 737 1559 a
758 1518 811 1560 me
835 1499 867 1559 et
890 1495 1064 1560 invidentis
1084 1496 1205 1581 gloriae
1224 1517 1315 1560 meae

293 1584 418 1650 indicia.
470 1584 558 1661 Quae
590 1584 752 1667 equidem,
783 1585 918 1669 milites,
951 1584 1105 1668 quamdiu
1136 1584 1242 1668 licuit,
1280 1584 1315 1648 in

294 1673 399 1739 animo
432 1695 503 1739 meo
540 1674 651 1758 pressi.
700 1672 844 1739 Videbar
879 1674 965 1740 enim
998 1672 1080 1738 mihi
1111 1678 1236 1758 partem
1268 1674 1314 1737 vi·

293 1774 418 1830 sterum
432 1784 578 1827 meorum
591 1762 791 1846 abrumpere,
810 1763 848 1849 si,
866 1763 901 1827 in
920 1785 1001 1847 quos
1019 1767 1086 1828 tam
1104 1785 1222 1849 magna
1240 1784 1314 1829 con·

239 1872 274 1919 ao
293 1852 444 1936 tuleram,
475 1851 606 1917 viliores
634 1851 715 1915 mihi
741 1853 889 1918 facerem.
940 1850 1003 1917 Sed
1030 1853 1095 1916 iam
1122 1873 1187 1916 non
1215 1851 1315 1916 verba
1329 1880 1356 1921 rs

292 1941 455 2026 punienda
482 1946 570 2006 sunt:
598 1941 729 2027 linguae
758 1943 923 2008 temeritas
945 1942 1093 2026 pervenit
1115 1941 1157 2005 ad
1179 1940 1313 2027 gladios.

292 2030 372 2114 Hos,
395 2031 423 2094 si
446 2030 526 2095 mihi
551 2030 689 2113 creditis,
711 2029 858 2096 Philotas
877 2032 909 2094 in
929 2052 981 2095 me
999 2032 1095 2114 acuit,
1117 2030 1145 2093 si
1164 2030 1237 2114 ipsi,
1259 2030 1314 2094 ad·

239 2140 272 2187 11
293 2120 391 2184 misit.
438 2118 508 2195 Quo
536 2142 588 2185 me
616 2118 792 2205 conferam,
824 2120 967 2185 milites?
1001 2121 1053 2185 cui
1081 2123 1178 2204 ceput
1205 2142 1313 2183 meum

295 2207 443 2273 credam?
480 2208 663 2293 Equitatui,
691 2209 834 2293 optimae
857 2209 1015 2274 exercitus
1038 2209 1138 2293 parti,
1160 2208 1313 2293 principi·

292 2297 355 2361 bus
384 2296 604 2362 nobilissimae
640 2298 832 2382 iuventutis,
869 2321 941 2363 eum
978 2298 1131 2383 praefeci,
1168 2297 1313 2380 salutem,
1328 2327 1356 2365 so

293 2408 396 2471 spem,
427 2386 595 2453 victoriam
623 2409 728 2452 meam
756 2388 832 2452 fidei
855 2389 924 2452 eius
947 2387 1132 2470 tutelaeque
1155 2386 1313 2451 commisi.

238 2496 273 2545 aa
292 2474 422 2541 Patrem
454 2475 488 2539 in
516 2476 600 2540 idem
627 2476 808 2562 fastigium,
840 2476 875 2541 in
899 2498 962 2559 quo
987 2499 1038 2540 me
1061 2476 1126 2560 ipsi
1148 2476 1313 2560 posuistis,

293 2565 432 2646 admovi,
453 2565 603 2648 Mediam,
627 2588 691 2649 qua
712 2561 804 2631 nulla
822 2566 1007 2650 opulentior
1025 2565 1114 2651 regio
1135 2569 1192 2649 est,
1210 2569 1243 2629 et
1262 2569 1313 2629 tot

293 2652 412 2719 civium
454 2654 680 2737 sociorumque
722 2655 813 2719 milia
849 2656 984 2739 imperio
1022 2656 1092 2719 eius
1129 2653 1312 2739 dicionique

294 2743 424 2808 subieci.
468 2742 562 2809 Unde
585 2744 782 2828 praesidium
805 2744 970 2828 petieram,
993 2744 1171 2826 periculum
1196 2744 1313 2808 extitit.
1328 2770 1354 2811 se

240 2852 274 2900 28
294 2832 397 2909 Quam
420 2833 559 2898 feliciter
582 2834 616 2896 in
639 2834 706 2898 acie
725 2833 921 2917 occidissem,
944 2832 1054 2918 potius
1073 2832 1177 2897 hostis
1195 2833 1314 2917 praeda

366 3087 380 3134 1
395 3080 548 3163 Amyntae]
558 3080 682 3134 amintae
691 3084 773 3132 ΠΝ.
828 3085 843 3131 2
859 3079 978 3151 socium]
988 3079 1093 3134 sotium
1101 3086 1129 3133 1³.
1179 3086 1197 3132 4
1211 3079 1300 3132 habui

294 3150 361 3204 abui
378 3157 406 3204 Ρ.
488 3159 550 3206 eei
568 3157 594 3204 1:
614 3153 644 3205 et
661 3157 692 3203 A.
774 3152 907 3222 eatque]
928 3152 1020 3219 adque
1038 3157 1066 3204 1..
1156 3150 1300 3205 amicitiae

293 3221 433 3276 amititiae
447 3228 475 3289 Ρ,
494 3222 641 3277 amiciciae
659 3227 690 3275 V.
745 3221 911 3276 Hammonis
925 3229 957 3275 1³:
977 3220 1115 3276 ammonis
1130 3227 1156 3275 0.
1217 3227 1312 3276 'lera-

294 3291 370 3365 culo]
384 3292 497 3348 eraculo
511 3301 531 3346 1³
545 3313 579 3349 m.
590 3312 636 3364 pr.
693 3298 726 3347 10
746 3294 774 3348 et
788 3293 845 3347 iam
861 3294 1016 3349 Beothius:
1034 3294 1121 3347 etiam
1134 3299 1165 3347 A.
1222 3299 1254 3346 12
1270 3293 1313 3346 in-

293 3363 381 3436 dicia]
399 3365 503 3419 inditia
520 3371 548 3420 P.
629 3364 773 3435 equidem]
793 3364 926 3433 *quidem
944 3371 972 3419 P.
1055 3370 1088 3419 15
1108 3364 1232 3436 viliores]
1251 3365 1313 3418 uio-

293 3434 366 3489 lares
385 3441 453 3490 Pm.
465 3455 509 3505 pr.
591 3442 623 3490 16
641 3436 799 3508 punienda]
817 3436 978 3505 puniendae
995 3428 1065 3491 Poe.
1074 3454 1121 3505 pr.
1194 3436 1312 3490 17Ρ111-

293 3505 380 3588 lotas]
405 3507 536 3577 phylotas
556 3514 581 3560 c.
673 3512 707 3561 18
733 3508 831 3578 caput]
858 3506 951 3577 capud
974 3513 1002 3561 Ρ,
1095 3513 1128 3561 19
1151 3506 1313 3579 Equitatui]

293 3580 440 3645 aequitatu
455 3584 522 3633 Pin.
533 3597 579 3647 pr.
630 3578 818 3651 principibus]
832 3578 977 3649 princibus
991 3586 1019 3632 1³.
1071 3584 1105 3633 20
1122 3596 1186 3633 eum
1199 3580 1310 3647 scripsi:

292 3665 381 3702 unum
398 3656 429 3702 A.
526 3656 558 3703 21
579 3650 718 3722 commisi]
737 3650 853 3704 commis
873 3656 941 3704 Pm.
956 3667 1001 3720 pr.
1091 3656 1125 3704 23
1144 3650 1266 3703 Mediam
1284 3655 1311 3703 1:

293 3757 387 3810 media
405 3763 435 3812 A.
531 3726 706 3882 θ1]1111’,11
724 3762 752 3809 B.
845 3762 878 3810 24
898 3755 1071 3828 dicionique]
1091 3756 1248 3825 ditionique
1270 3762 1313 3809 01³

293 3846 328 3883 m.
342 3845 394 3884 ree.
472 3834 505 3883 25
524 3844 561 3898 pe
576 3828 675 3900 eram]
693 3827 835 3897 pecieram
849 3833 880 3881 V.
943 3833 977 3881 26
996 3828 1103 3901 potius]
1122 3827 1220 3898 pocius
1234 3832 1266 3881 V.
