3150 4459
318 452 383 517 318
699 452 729 517 Q.
750 452 861 509 GURTI
878 453 965 507 RUFI

317 614 472 700 lacrimis,
504 617 584 681 adeo
614 620 652 681 ut
681 639 738 681 rex
767 619 816 681 ira
846 616 880 679 in
906 616 1161 682 misericordiam
1189 639 1349 683 versane

318 705 388 787 ipse
407 707 548 788 quidem,
572 728 767 791 quamquam
787 705 946 790 cupiebat,
969 711 1147 790 temperare
1166 705 1271 772 oculis
1290 729 1348 790 po-

282 795 425 858 stuerit.
472 794 615 860 Tandem
638 795 790 859 universa
813 796 964 859 contione
987 795 1119 860 effusius
1143 795 1241 860 flente
1264 794 1405 861 Coe-12

316 906 378 947 nus
410 906 507 948 ausus
541 888 590 949 est
622 883 850 949 cunctantibus
885 885 1001 950 ceteris
1033 886 1166 968 propius
1199 884 1349 950 tribunal

280 973 466 1039 iaooedere
499 973 686 1058 significans
719 996 753 1037 se
784 974 877 1056 loqui
906 976 997 1037 velle.
1049 972 1149 1050 Quem
1175 977 1212 1037 ut
1235 974 1349 1041 ridere
1381 1001 1394 1041 1

316 1061 438 1126 milites
466 1062 687 1127 detrahentem
718 1062 843 1148 galeam
867 1062 966 1146 capiti
990 1100 1032 1108 —
1056 1064 1103 1127 ita
1126 1064 1211 1126 enim
1233 1085 1349 1149 regem

316 1150 450 1235 adloqui
468 1173 538 1216 mos
559 1155 609 1216 est
627 1190 680 1234 —,
702 1151 828 1215 hortari
847 1154 1033 1236 coeperunt,
1051 1155 1088 1214 ut
1108 1173 1238 1216 causam
1258 1174 1351 1218 exer-

280 1240 402 1304 aoitus
432 1245 550 1326 ageret.
603 1240 685 1304 Tum
718 1240 858 1305 Coenus:
890 1239 958 1304 ‘Dii
980 1240 1197 1326 prohibeant’,
1229 1241 1371 1328 inquit·

319 1328 350 1392 ‘a
379 1329 474 1394 nobis
505 1330 611 1415 inpias
635 1332 773 1394 mentes!
807 1329 851 1393 Et
874 1330 1021 1414 profecto
1045 1328 1234 1413 prohibent:
1258 1331 1351 1396 idem

317 1418 444 1482 animus
476 1423 527 1483 est
557 1420 636 1503 tuis,
669 1420 723 1502 qui
757 1419 822 1483 fuit
852 1440 990 1503 sempor,
1023 1420 1082 1499 ire,
1115 1441 1180 1503 quo
1204 1420 1352 1505 iusseris,
1369 1448 1396 1486 ro

315 1529 469 1593 pugnare,
487 1507 675 1593 periclitari,
694 1508 851 1594 sanguine
871 1522 982 1573 nostro
1000 1508 1224 1572 commendare
1238 1514 1353 1593 poste-

315 1596 406 1661 ritati
437 1600 531 1662 tuum
563 1618 690 1661 nomen.
736 1597 889 1679 Proinde,
922 1598 949 1661 si
975 1619 1173 1681 perseveras,
1205 1598 1352 1665 inermes

316 1707 445 1772 quoque
469 1691 501 1750 et
523 1687 604 1751 nudi
626 1690 660 1750 et
683 1709 859 1773 exangues,
889 1690 1065 1770 utcumque
1088 1686 1150 1751 tibi
1174 1687 1262 1752 cordi
1289 1694 1353 1774 ost,

282 1792 298 1840 6
318 1775 484 1858 sequimur
507 1775 558 1840 vel
582 1776 810 1841 antecedimus.
858 1773 921 1838 Sed
944 1776 972 1838 si
996 1777 1105 1841 audire
1129 1776 1178 1840 vis
1200 1798 1268 1839 non
1293 1779 1352 1842 fic

317 1867 367 1928 tes
398 1868 528 1929 tuorum
560 1864 703 1929 militum
733 1886 843 1949 voces,
873 1887 983 1929 verum
1014 1864 1206 1931 necessitate
1229 1866 1354 1931 ultima
1369 1892 1394 1933 11

317 1974 499 2037 expressas,
530 1955 663 2038 praebe,
696 1976 830 2038 quaeso,
862 1954 1023 2038 propitias
1056 1975 1149 2018 aures
1172 1954 1353 2038 imperium

316 2046 413 2125 atque
438 2043 619 2128 auspicium
643 2048 736 2107 tuum
760 2043 1023 2109 constantissime
1047 2044 1167 2108 secutis
1190 2048 1235 2125 ot,
1267 2067 1354 2128 quo-

283 2149 455 2215 scumque
485 2134 609 2218 pergis,
642 2133 809 2198 secuturis.
856 2131 987 2214 Vicisti,
1018 2155 1086 2215 rex,
1121 2132 1354 2216 magnitudine

318 2242 425 2285 rerum
448 2243 516 2286 non
538 2222 648 2285 hostes
673 2223 779 2304 modo,
803 2222 858 2286 sed
883 2223 980 2285 etiam
1003 2222 1132 2285 milites.
1181 2220 1352 2307 Quidquid

318 2309 501 2374 mortalitas
526 2332 638 2394 capere
662 2314 799 2394 poterat,
823 2310 1026 2394 inplevimus.
1070 2310 1220 2375 Emensis
1243 2313 1353 2377 maria
1368 2340 1395 2379 ao

280 2417 296 2462 8
318 2403 484 2483 terrasque
508 2399 624 2463 melius
646 2400 741 2464 nobis
766 2422 862 2485 quam
888 2399 1002 2463 incolis
1026 2400 1136 2463 omnia
1157 2403 1237 2463 nota
1261 2407 1352 2468 sunt.

317 2486 423 2552 Paene
456 2488 489 2551 in
521 2490 639 2553 ultimo
671 2489 784 2553 mundi
817 2490 881 2553 fine
914 2490 1131 2554 consistimus.
1178 2487 1216 2551 In
1245 2490 1352 2554 alium

316 2577 428 2641 orbem
451 2600 545 2661 paras
569 2580 615 2643 ire
640 2580 672 2641 et
694 2577 822 2642 Indiam
846 2578 973 2660 quaeris
997 2576 1086 2641 Indis
1105 2599 1233 2661 quoque
1253 2579 1351 2663 igno-

313 2670 389 2730 tam.
426 2665 515 2731 Inter
537 2668 625 2732 feras
649 2672 879 2752 serpentesque
903 2667 1055 2753 degentes
1080 2690 1189 2731 eruere
1209 2689 1249 2730 ex
1268 2666 1351 2734 late

315 2755 381 2820 bris
401 2761 434 2820 et
453 2757 618 2822 cubilibus
639 2759 706 2821 suis
726 2758 860 2841 expetis,
882 2762 920 2820 ut
939 2756 1041 2839 plura,
1061 2779 1157 2840 quam
1178 2756 1228 2819 sol
1248 2757 1351 2841 videt,
1366 2783 1392 2825 11

280 2846 452 2910 9111111111
481 2846 607 2911 lustres.
654 2846 763 2932 Digna
792 2867 927 2931 prorsus
958 2847 1114 2930 cogitatio
1143 2846 1250 2909 animo
1278 2849 1350 2929 tun,

316 2935 372 2998 sed
401 2935 499 2998 altior
525 2941 646 3001 nostro.
693 2935 808 2999 Virtus
837 2936 921 2998 enim
950 2938 1007 2998 tua
1035 2957 1161 3018 semper
1184 2935 1220 2997 111
1242 2935 1348 2999 incre

263 3028 427 3088 lomento
456 3026 531 3108 erit,
563 3030 675 3089 nostra
703 3024 751 3088 vis
780 3026 845 3089 iam
876 3025 911 3088 in
933 3025 998 3087 fine
1022 3028 1078 3087 est.
1125 3023 1253 3087 Intuere
1278 3046 1349 3089 cor-

315 3135 396 3196 pora
420 3115 587 3199 exanguia,
612 3117 663 3179 tot
685 3114 831 3197 perfossa
850 3113 1048 3194 vulneribus,
1070 3117 1121 3177 tot
1141 3112 1348 3178 cicatricibus

387 3348 402 3395 2
423 3343 557 3412 cupiebat
575 3344 728 3397 Kiachius:
754 3342 882 3411 cupierat
901 3347 929 3408 P,
950 3343 1068 3411 cuperat
1088 3346 1111 3395 11.
1196 3346 1211 3392 3
1232 3339 1344 3395 Coenus

314 3414 418 3469 Aldus:
438 3432 546 3482 poenus
565 3418 596 3467 Δ.
691 3420 704 3467 '1
726 3414 890 3484 coeperunt]
911 3415 1065 3481 caeperunt
1083 3417 1143 3477 ΡΨ,
1169 3416 1305 3480 oeperunt
1325 3420 1347 3465 Ι.

314 3504 349 3540 m.
360 3503 404 3554 pr.
499 3484 645 3539 80111111
660 3486 765 3540 Aldus:
793 3503 899 3553 poenus
919 3490 949 3539 Δ,
1041 3484 1145 3554 inquit]
1165 3483 1267 3551 inquid
1285 3489 1346 3538 Π.

316 3562 349 3609 10
369 3557 436 3627 quo]
456 3574 488 3610 co
507 3563 538 3611 V.
603 3563 635 3610 11
656 3556 831 3627 posteritati]
850 3558 916 3624 post
934 3556 1044 3609 11111111
1063 3561 1091 3607 F.
1156 3561 1189 3608 12
1209 3555 1346 3627 inermes]

314 3628 456 3681 inhermes
471 3635 500 3683 Ρ.
566 3634 599 3682 16
618 3627 771 3699 propitias]
790 3628 933 3696 propicias
953 3633 1008 3679 Ν.
1076 3631 1108 3679 17
1129 3626 1225 3695 atque]
1247 3626 1345 3693 adque

315 3706 389 3753 Em.
402 3717 446 3767 pr.
539 3699 698 3769 auspicium
712 3706 738 3752 1:
763 3698 943 3767 hauspicium
957 3704 988 3750 Α.
1082 3702 1115 3752 18
1134 3697 1346 3771 magnitudine]

302 3768 1347 3914 111111111111111111111111111“
