3150 4459
464 462 715 518 mercensem
733 461 946 519 ALEXANDRI
965 465 1023 531 ΠΗ,
1044 472 1068 519 3.
1233 467 1276 530 53

252 625 397 713 donibus
421 627 454 690 in
473 627 539 691 salo
559 627 675 692 iactam
695 628 729 691 in
748 628 929 693 silvestrem
949 628 1067 694 saltum
1088 651 1157 695 esse
1176 634 1278 695 muta-

252 720 333 799 tam,
358 738 552 800 quamquam
575 722 689 781 auctor
711 718 792 782 levis
817 722 893 802 erat,
917 723 1026 783 tamen
1054 721 1094 784 ad
1118 721 1277 785 deteriora
1297 739 1330 787 22

253 804 416 871 credenda
428 807 524 889 proni
538 810 627 870 metu
641 829 737 872 aurea
757 811 868 872 catena
884 808 1054 873 devinxere
1069 808 1275 874 simulacrum

253 916 396 978 araeque
418 894 577 979 Herculis,
608 897 700 960 cuius
724 898 850 961 numini
873 897 986 963 urbem
1010 898 1203 981 dicaveram,
1231 898 1277 962 in-

211 1003 240 1053 Ἱ
254 1006 386 1050 seruere
413 985 575 1049 vinculum
609 987 701 1070 quasi
729 986 786 1050 illo
812 986 870 1050 deo
894 985 1080 1070 Apollinem
1103 991 1277 1053 retentura.

255 1072 426 1159 Syracusis
445 1073 479 1138 id
498 1074 706 1140 simulacrum
720 1075 914 1141 devexerant
928 1076 1029 1141 Poeni
1053 1081 1085 1140 et
1104 1077 1139 1141 in
1157 1077 1278 1142 maiore

211 1175 222 1190 '¹
253 1164 444 1229 locaverant
462 1163 568 1247 patria
581 1164 756 1250 multisque
775 1164 848 1230 eliis
866 1165 980 1250 spoliis
994 1166 1124 1231 urbium
1144 1189 1164 1230 a
1177 1172 1278 1232 semet

254 1256 425 1337 captarum
447 1275 515 1317 non
539 1251 767 1339 Carthaginem
791 1257 895 1341 megia
920 1277 1017 1339 quam
1041 1257 1162 1340 Tyrum
1187 1278 1277 1321 orna-

255 1345 381 1408 verant.
427 1340 560 1407 Secrum
593 1365 731 1428 quoque,
763 1345 850 1429 quod
883 1345 1031 1428 equidem
1064 1345 1113 1409 dis
1145 1345 1278 1410 minime
1297 1365 1331 1412 aa

210 1430 348 1508 boardi
387 1452 454 1495 esse
491 1432 694 1517 crediderim,
734 1433 846 1499 multis
885 1433 1020 1498 saeculis
1057 1434 1276 1499 intermissum

254 1520 424 1605 repetendi
455 1525 604 1585 auctores
636 1524 767 1606 quidam
800 1527 904 1605 erant,
936 1528 973 1588 ut
1005 1523 1165 1608 ingenuus
1197 1546 1279 1608 puer

255 1610 399 1676 Saturno
419 1610 643 1675 immolaretur
662 1612 808 1696 -quod
829 1613 1032 1699 sacrilegium
1053 1614 1158 1678 verius
1181 1635 1277 1698 quam

211 1699 226 1720 ⁶
255 1722 386 1766 sacrum
406 1698 689 1787 Carthaginienses
713 1726 732 1766 a
755 1701 978 1767 conditoribus
997 1703 1152 1767 traditum
1176 1725 1278 1786 usque

256 1792 297 1855 ad
304 1789 467 1854 excidium
477 1790 568 1855 urbis
581 1811 657 1855 suae
667 1791 782 1857 fecisse
793 1791 943 1857 dicuntur
952 1830 1006 1873 -,
1016 1814 1052 1856 ac
1062 1792 1125 1856 nisi
1136 1792 1278 1857 seniores

210 1879 472 1963 &obstitissent
495 1902 632 1964 quorum
656 1881 792 1945 consilio
817 1884 933 1946 cuncta
956 1881 1144 1967 agebantur,
1167 1881 1278 1946 huma-

210 1961 394 2034 htnitatem
424 1969 494 2034 dira
525 1971 714 2054 superstitio
746 1970 886 2035 vicisset.
938 1969 1086 2035 Ceterum
1117 1972 1279 2036 efficacior
1299 1990 1332 2037 24

217 2117 219 2122 .
257 2058 347 2123 omni
375 2061 444 2122 arte
471 2060 646 2124 necessitas
674 2082 741 2124 non
763 2060 884 2126 usitata
907 2061 1001 2124 mode
1026 2061 1195 2145 praesidia,
1224 2060 1278 2125 sed

211 2115 227 2206 l
257 2148 415 2232 quaedam
438 2148 538 2212 etiam
561 2171 646 2214 nova
664 2150 816 2215 admovit.
863 2149 1012 2233 Namque
1036 2150 1076 2214 ad
1095 2150 1279 2233 inplicanda

257 2237 397 2323 navigia,
421 2259 503 2320 quae
531 2260 641 2303 muros
666 2239 828 2323 subibant,
852 2239 976 2304 validos
1000 2261 1123 2304 asseres
1145 2239 1279 2304 funibus

211 2327 488 2411 binhgaverant,
516 2331 563 2412 ut,
590 2350 664 2391 cum
688 2331 851 2393 tormento
881 2350 1003 2393 asseres
1032 2330 1279 2412 promovissent,

257 2416 368 2481 subito
387 2416 505 2481 laxatis
519 2417 652 2482 funibus
667 2418 831 2483 inicerent.
877 2417 962 2483 Unci
982 2440 1109 2502 queque
1129 2422 1161 2481 et
1179 2418 1278 2483 falces
1298 2435 1332 2484 25

257 2529 296 2570 ex
320 2507 422 2571 isdem
448 2507 609 2572 asseribus
628 2506 844 2592 dependentes
869 2513 925 2572 aut
943 2510 1200 2592 propugnatores
1224 2513 1280 2571 ant

257 2598 328 2681 ipsa
357 2596 488 2681 navigia
515 2597 707 2663 lacerabant.
765 2595 895 2681 Clipeos
928 2618 1004 2661 vero
1037 2618 1146 2661 aereos
1177 2599 1279 2661 multo

257 2687 333 2772 igne
356 2686 534 2770 torrebant,
557 2709 639 2770 quos
667 2690 807 2772 repletos
831 2687 955 2752 fervida
973 2686 1093 2750 herena
1117 2708 1280 2770 caenoque

211 2783 246 2844 'aa
259 2776 393 2841 decocto
422 2777 563 2840 emuris
592 2778 699 2841 subito
725 2776 946 2844 devolvebant.
992 2774 1061 2840 Nee
1088 2775 1156 2840 ulla
1178 2776 1279 2860 pestis
1299 2794 1332 2843 ae

258 2865 364 2949 magis
387 2865 576 2932 timebatur:
607 2867 727 2951 quippe
755 2866 813 2932 ubi
836 2868 917 2930 lator
939 2865 1073 2929 loricam
1099 2885 1280 2949 corpusque

211 2971 215 2996 ⁷
257 2956 387 3020 fervens
406 2955 526 3021 harena
544 2960 777 3040 penetraverat,
800 2977 859 3020 nec
882 2954 948 3019 ulle
971 2956 1004 3018 vi
1027 2955 1134 3018 excuti
1153 2958 1281 3037 poterat

213 3197 217 3202 .
306 3149 483 3223 .1iaetam]
497 3152 556 3205 iam
570 3154 629 3204 tam
640 3157 668 3204 P.
725 3150 922 3221 3devinxere]
937 3147 1068 3202 deuixere
1082 3153 1110 3200 P.
1168 3147 1283 3216 ssSyra·

211 3239 215 3262 ³
258 3222 333 3277 cusis
357 3223 465 3276 Later:
489 3222 621 3277 siracusis
639 3228 670 3276 Δ,
780 3221 1027 3291 BCarthaginem]
1057 3219 1230 3289 cartaginem
1249 3226 1279 3273 v.
1356 3255 1358 3264 .

259 3301 290 3348 11
316 3293 464 3363 repetendi
484 3295 605 3350 Giunte:
629 3296 760 3363 repentes
778 3299 825 3346 PP
844 3312 878 3347 m.
890 3311 949 3361 pr,
972 3293 1132 3361 repetentes
1152 3297 1181 3357 c,
1200 3307 1280 3360 repe-

211 3403 213 3408 ·
258 3368 322 3420 tens
341 3370 362 3417 B
380 3384 415 3419 m.
425 3383 471 3433 pr.
532 3373 564 3419 13
584 3364 844 3435 Carthaginienses]
864 3363 1099 3433 carthaginiensis
1114 3368 1169 3429 BL,
1189 3365 1281 3416 carta·

257 3435 396 3507 giniensis
415 3442 471 3491 PV.
563 3444 597 3491 14
615 3438 682 3509 nisi]
703 3438 727 3492 si
745 3443 765 3489 P
783 3455 817 3491 m.
829 3454 874 3504 pr.
967 3434 1101 3505 seniores]
1122 3434 1281 3488 senieresP

256 3528 292 3563 m.
302 3526 350 3577 pr.
439 3515 471 3563 15
490 3508 679 3580 obstitissent]
700 3509 884 3562 obstetissent
900 3514 928 3562 P.
1016 3507 1128 3577 cuneta]
1149 3509 1234 3560 cunta
1252 3512 1280 3559 1..

258 3586 291 3635 16
312 3580 456 3634 efficacior
473 3581 550 3636 omni
569 3588 594 3633 1:
619 3581 757 3635 efficatior
775 3580 853 3634 omni
872 3584 927 3645 BP,
945 3580 1001 3634 sed
1020 3595 1051 3632 or
1072 3578 1149 3632 omni
1167 3579 1199 3631 ia
1216 3595 1281 3644 raa,

257 3651 387 3705 efficacia
413 3652 490 3705 omni
508 3657 538 3718 V,
563 3652 686 3706 efficatia
711 3650 821 3706 romani
840 3657 885 3703 LP
908 3668 942 3705 m.
958 3669 1003 3720 pr.
1115 3654 1147 3702 19
1171 3648 1281 3703 validos

256 3740 366 3778 amares
380 3722 496 3777 funibus
510 3726 631 3793 Ieepias:
648 3724 752 3778 ualidis
767 3722 908 3779 asseribus
925 3727 955 3776 Δ.
1012 3727 1044 3775 21
1061 3720 1144 3792 Unci]
1159 3720 1236 3774 uncii
1250 3726 1279 3771 V.

257 3800 291 3849 23
311 3793 489 3867 lacerabant]
511 3796 680 3849 lasarubant
703 3802 730 3848 P.
827 3795 938 3863 Clipeos
957 3800 982 3847 1:
1008 3793 1121 3862 clypeos
1145 3797 1167 3844 Δ
1191 3792 1282 3863 [clyp-

255 3884 327 3939 peos
346 3866 391 3938 v]
465 3873 498 3921 2ss
518 3869 608 3922 iuter
626 3869 691 3922 edd.
706 3868 851 3922 Heinsius.
