3150 4459
304 431 371 497 258
685 430 717 497 Q.
737 432 846 487 OUR'I'I
864 432 951 486 RUFI

306 598 502 660 servatorem
527 590 577 654 sui
605 594 754 659 occisum.
787 594 987 660 Detestabile
1010 594 1169 658 carnificis
1188 595 1343 659 ministe-

305 684 390 749 rium
415 686 626 765 occupaverat
648 706 717 768 rex,
748 686 920 751 verborum
944 683 1123 765 licentiam,
1147 705 1233 767 quae
1259 685 1342 749 vino

271 776 435 858 apoterat
462 772 618 855 inputari,
647 774 787 839 nefanda
816 775 910 839 caede
941 773 1036 837 ultus.
1083 772 1241 837 Manabat
1267 778 1342 839 toto

307 862 469 927 vestibulo
493 881 588 924 cruor
610 864 707 946 paulo
727 869 802 929 ante
822 865 987 928 convivae:
1011 862 1126 948 vigiles
1146 863 1287 927 attoniti
1308 868 1343 928 et

308 952 514 1035 stupentibus
534 950 654 1016 similes
673 955 787 1037 procul
807 953 944 1035 stabant,
963 953 1212 1035 liberioremque
1225 953 1344 1035 paeni·
1373 979 1384 1018 s

271 1041 443 1107 stantiam
477 1039 619 1104 solitudo
652 1043 810 1107 eliciebat.
856 1042 944 1127 Ergo
973 1041 1100 1104 hastam
1129 1062 1167 1104 ex
1197 1062 1343 1125 corpore

307 1131 441 1195 iacentis
465 1129 608 1194 evolsam
631 1133 762 1197 retorsit
783 1133 819 1197 in
843 1134 951 1195 semet.
990 1129 1123 1212 Iamque
1147 1130 1345 1195 admoverat

307 1220 441 1303 pectori,
465 1242 538 1283 oum
562 1220 715 1286 advolant
737 1221 854 1307 vigiles
878 1225 911 1285 et
934 1220 1129 1305 repugnanti
1148 1241 1165 1282 e
1184 1220 1342 1285 manibus

272 1328 288 1374 5
309 1312 504 1393 extorquent
525 1308 771 1394 adlevatumque
786 1313 820 1375 in
834 1310 1078 1373 tabernaculum
1093 1308 1251 1373 deferunt.
1277 1308 1343 1375 Ille
1394 1364 1397 1368 .

307 1398 399 1462 humi
423 1402 643 1483 prostraverat
667 1422 784 1484 corpus
807 1400 931 1486 gemitu
950 1398 1136 1482 eiulatuque
1155 1398 1343 1462 miserabili
1360 1426 1386 1465 ιο

308 1491 379 1551 tota
402 1491 596 1572 personante
619 1491 717 1575 regia.
759 1489 894 1554 Laniare
918 1488 1032 1552 deinde
1055 1509 1091 1551 os
1116 1487 1285 1571 unguibus
1307 1493 1344 1552 et

309 1578 552 1642 circumstantes
575 1600 698 1663 rogare,
720 1601 762 1643 ne
786 1600 820 1643 se
842 1582 934 1643 tanto
957 1578 1106 1643 dedecori
1125 1576 1344 1659 superstitem

273 1685 378 1732 cesse
411 1670 606 1750 paterentur.
651 1666 740 1733 inter
771 1669 831 1731 has
860 1687 971 1750 preces
999 1671 1069 1731 tota
1096 1687 1161 1729 nox
1189 1670 1344 1731 extracta

309 1758 366 1819 est.
405 1755 682 1842 Scrutantemque,
704 1758 856 1822 num‘ira
879 1756 1013 1820 deorum
1036 1756 1223 1819 adtentum
1243 1756 1343 1820 nefas

309 1848 400 1910 actus
440 1849 537 1929 esset,
576 1847 664 1911 subit
700 1846 955 1910 anniversarium
988 1845 1182 1911 sacrificium
1215 1844 1342 1910 Libero
1360 1874 1386 1913 15

308 1933 400 1998 Patri
427 1957 494 1999 non
524 1956 594 1999 esse
617 1935 777 2001 redditum
802 1939 888 2000 stato
912 1939 1065 2018 tempore.
1111 1932 1225 2017 Itaque
1250 1934 1344 2000 inter

309 2024 421 2087 vinum
444 2029 477 2088 et
500 2026 610 2108 epulas
635 2026 731 2091 caede
753 2024 926 2090 commissa
943 2024 1024 2088 iram
1044 2023 1096 2087 dei
1114 2024 1214 2087 fuisse
1232 2026 1344 2089 mani-

276 2112 435 2180 sfestam.
483 2111 633 2177 Ceterum
656 2115 760 2200 magis
783 2136 820 2179 eo
844 2113 1048 2196 movebatur,
1077 2112 1164 2196 quod
1188 2114 1343 2178 omnium

310 2202 488 2267 amicorum
507 2205 632 2267 animos
651 2204 781 2268 videbat
800 2204 970 2268 attonitos:
989 2203 1149 2267 neminem
1169 2222 1242 2265 cum
1263 2202 1342 2287 ipso

311 2291 432 2357 sociare
463 2314 643 2358 sermonem
673 2297 788 2378 postea
818 2314 986 2375 ausurum,
1009 2290 1183 2355 vivendum
1206 2312 1280 2356 esse
1305 2294 1343 2357 in
1360 2322 1387 2362 sc

311 2380 486 2446 solitudine
509 2383 599 2446 velut
621 2383 706 2447 ferae
729 2382 852 2446 bestiae
876 2382 1010 2446 terrenti
1034 2380 1112 2446 alias
1134 2379 1342 2464 timentique.

276 2470 421 2537 8Prima
453 2471 566 2535 deinde
598 2473 670 2536 luce
702 2472 910 2536 tabernaculo
945 2492 1075 2553 corpus,
1114 2472 1198 2535 sicut
1230 2471 1343 2535 adhue

311 2565 480 2624 cruentum
503 2565 585 2644 erat,
617 2561 713 2626 iussit
735 2561 856 2625 inferri.
904 2558 974 2636 Quo
997 2560 1105 2644 posito
1129 2563 1205 2624 ante
1227 2558 1342 2642 ipsum

311 2649 453 2714 lacrimis
477 2650 616 2715 obortis:
641 2650 767 2735 ‘Hanc',
791 2650 906 2733 inquit,
932 2649 1060 2713 ‘nutrici
1084 2671 1174 2714 meae
1196 2649 1342 2733 gratiam

256 2776 259 2780 ‹
312 2738 438 2821 rettuli,
470 2740 560 2803 cuius
590 2740 652 2803 duo
681 2740 741 2804 filii
771 2739 858 2823 apud
881 2738 1031 2803 Miletum
1054 2760 1112 2822 pro
1137 2759 1208 2801 mea
1231 2737 1344 2823 gloria
1360 2769 1387 2808 ss

312 2827 490 2893 occubuere
513 2833 666 2912 mortem,
697 2830 751 2893 hic
777 2828 893 2910 frater,
925 2827 1055 2892 unicum
1079 2826 1229 2893 orbitatis
1254 2829 1341 2893 sola-

278 2919 413 3001 9cium‚
445 2942 464 2983 a
491 2940 542 2982 me
573 2919 658 2983 inter
686 2917 797 3002 epulas
829 2917 953 2982 occisus
982 2921 1039 2981 est.
1087 2915 1157 2992 Quo
1185 2938 1274 2981 nunc
1306 2940 1342 2983 se

313 3008 456 3073 conferet
477 3008 617 3073 misera?
654 3006 812 3072 Omnibus
837 3007 905 3071 eius
929 3028 1012 3070 unus
1037 3028 1214 3090 supersum,
1241 3028 1341 3089 quem

385 3262 401 3309 5
421 3256 539 3327 similes]
559 3255 659 3309 similis
677 3262 746 3309 Pm.
757 3273 803 3323 pr.
896 3258 911 3305 6
931 3252 1065 3307 eliciebat
1083 3254 1194 3321 scripsi:
1214 3252 1339 3322 excipie-

314 3327 365 3381 bat
383 3332 413 3381 Δ.
488 3333 502 3380 7
522 3328 647 3398 retorsit]
666 3327 796 3380 retrorsit
814 3331 844 3393 V,
866 3325 1044 3379 ret*01·sitP.
1120 3330 1153 3377 10
1173 3323 1340 3393 eiulatuque

320 3400 496 3454 Vindelicus:
521 3399 705 3466 heiulatuque
724 3403 754 3451 Δ.
848 3404 880 3451 11
900 3397 1069 3466 personante
1090 3396 1218 3451 Modicus:
1242 3413 1340 3464 perso-

313 3486 385 3523 nans
403 3475 434 3523 Δ.
540 3476 573 3524 13
592 3471 680 3541 Inter]
699 3470 730 3524 in
749 3475 774 3522 c.
881 3474 913 3521 16
934 3470 1008 3522 stato
1030 3469 1159 3523 Medius:
1179 3468 1287 3521 statuto
1308 3474 1338 3523 Δ.

316 3548 348 3596 1‘1
369 3541 582 3596 dei12dieiA.
656 3541 872 3611 scrivendum]
891 3538 1091 3593 uidendumr.
1165 3545 1198 3592 21
1218 3540 1340 3593 terrenti

315 3613 385 3668 alias
403 3612 573 3681 timentique
591 3619 617 3667 1:
646 3611 764 3667 terrenti
787 3611 860 3665 alius
883 3610 1053 3679 timentique
1072 3617 1104 3678 P,
1128 3610 1247 3664 terrenti
1266 3609 1339 3665 alias

315 3684 423 3757 [aliar
455 3684 526 3739 alios
545 3684 629 3756 [alias
643 3686 676 3755 B]
694 3684 808 3738 timenti
828 3689 853 3737 0.
918 3687 952 3735 24
971 3682 1090 3753 obortis]
1109 3681 1236 3735 obhortis
1255 3688 1284 3736 P.

314 3756 420 3811 nutrici
445 3756 584 3811 nutrice?
597 3773 632 3810 m.
645 3773 690 3825 pr.
746 3753 1069 3809 attaminarunt.
1125 3754 1213 3824 apud]
1229 3756 1301 3821 aput
1310 3760 1338 3808 P.

316 3832 350 3881 26
364 3828 532 3899 occubuere]
542 3828 705 3881 occuparer
719 3846 754 3881 m.
764 3845 808 3895 pr.
869 3831 903 3879 28
918 3825 1055 3896 conferet]
1067 3824 1235 3880 conferretB
1249 3842 1285 3878 m.
1291 3844 1339 3895 pr.
