3150 4459
486 455 742 512 HISTORIARUM
760 456 977 511 ALEXANDRI
995 456 1056 525 VII,
1071 464 1096 511 4.
1240 456 1305 521 219

993 545 1000 554 ι

280 642 358 684 333
383 642 601 705 equorumque
621 619 797 685 multitudo
817 620 972 705 gignitur.
1009 618 1123 703 ltaque
1142 619 1308 685 Bactriani

281 709 406 792 equites
429 726 503 773 xxx
531 710 622 774 milia
649 710 865 793 expleverant.
911 708 987 793 Ipsa
1010 708 1141 791 Bactra,
1164 710 1307 795 regionis
1327 727 1359 774 31

281 800 349 863 eius
374 802 483 882 caput,
511 798 575 862 sita
598 803 675 862 sunt
697 798 757 863 sub
782 795 893 863 monte
916 797 1123 883 Parapaniso.
1169 798 1307 862 Bactrus

281 887 383 951 amnis
421 888 575 971 praeterit
591 887 746 951 -moenia
806 885 838 951 Is
875 886 949 952 urbi
986 891 1018 952 et
1055 888 1181 973 regioni
1219 887 1306 951 dedit

253 996 406 1041 snomen

228 1071 265 1125 19
349 1065 412 1129 Hic
435 1066 505 1150 regi
529 1064 648 1129 stativa
675 1064 810 1130 habenti
832 1066 1003 1130 nuntiatur
1026 1087 1066 1129 ex
1090 1064 1225 1130 Graecia
1248 1066 1302 1129 Pe·
1326 1083 1359 1131 33

279 1154 543 1238 loponnesiorum
566 1153 796 1239 Laconumque
820 1153 958 1220 defectio
984 1193 1026 1200 -
1050 1154 1195 1219 nondum
1219 1156 1306 1219 enim

279 1243 358 1308 vieti
381 1247 482 1326 erant,
505 1264 578 1308 curn
601 1244 885 1328 proficiscerentur
911 1243 1072 1308 tumultus
1096 1244 1165 1308 cius
1188 1243 1306 1328 princi-

279 1333 333 1416 pia
362 1333 543 1397 nuntiaturi
570 1370 614 1379 -
647 1337 680 1397 33
707 1332 791 1396 alius
823 1354 974 1416 praesens
1011 1336 1117 1397 terror
1153 1332 1306 1416 adfertur,

241 1450 266 1488 m
281 1420 433 1506 Scythas,
465 1422 520 1506 qui
549 1422 636 1485 ultra
668 1421 803 1486 Tanaim
834 1445 960 1487 amnem
984 1421 1109 1505 colunt,
1132 1422 1305 1486 adventare

279 1511 380 1575 Besso
404 1511 538 1575 ferentis
566 1533 668 1594 opem.
714 1510 840 1575 nocem
862 1514 1021 1595 tempore,
1045 1532 1127 1595 quae
1150 1510 1305 1597 ingente

278 1599 431 1664 Ariorum
461 1598 603 1664 Caranus
631 1604 664 1663 et
679 1599 849 1685 >Erigyius
877 1605 1058 1684 gesserant,
1089 1600 1304 1684 perferuntur.

281 1687 498 1753 Commissum
526 1692 595 1753 erat
622 1688 782 1772 proelium
811 1688 896 1753 inter
917 1688 1110 1754 Macedonas
1134 1688 1303 1773 Ariosque.

279 1778 461 1863 Transfuga
498 1776 721 1842 Satibarzanes
753 1777 901 1842 barbaris
937 1782 1095 1861 praeerat:
1138 1779 1194 1862 qui
1232 1798 1305 1843 cum
1324 1795 1357 1843 33

240 1896 264 1934 15
278 1888 421 1952 pugnam
445 1889 576 1952 segnem
601 1866 765 1951 utrimque
779 1867 890 1952 aequis
905 1867 1029 1931 viribus
1052 1872 1138 1931 stare
1161 1867 1304 1951 vidisset,

277 1957 314 2019 in
337 1957 459 2039 primos
490 1955 619 2019 ordines
647 1955 848 2039 adequitavit
876 1956 1068 2040 demptaque
1096 1956 1189 2041 galea
1221 1956 1304 2021 inhi-

279 2045 366 2126 bitis,
390 2047 447 2128 qui
465 2046 530 2108 tela
548 2043 716 2129 iaciebant,
740 2045 768 2109 si
787 2046 860 2129 quis
879 2045 1003 2110 viritim
1026 2044 1179 2110 dimicare
1197 2045 1303 2129 vellet,

279 2135 467 2217 provocavit
490 2134 531 2198 ad
554 2156 711 2218 pugnam:
739 2134 861 2198 nudum
887 2156 920 2198 se
950 2138 1048 2217 caput
1071 2134 1105 2198 in
1129 2134 1303 2198 certamine

279 2223 473 2287 habiturum.
510 2222 588 2287 Non
609 2222 687 2287 tulit
705 2224 860 2287 ferociam
883 2223 1013 2288 barbari
1033 2223 1128 2288 ducis*
1138 2223 1303 2309 Erigyius,
1322 2242 1357 2289 34

238 2342 265 2379 ac
278 2313 387 2397 gravis
411 2312 541 2396 quidem
565 2315 679 2396 aetate,
703 2312 759 2377 sed
781 2316 815 2377 et
838 2312 938 2376 animi
962 2316 994 2375 et
1017 2312 1162 2397 corporis
1186 2312 1302 2377 robore

279 2403 362 2465 nulli
385 2401 537 2465 iuvenum
560 2402 795 2485 postferendus.
828 2399 860 2464 Is
884 2400 976 2486 galea
999 2401 1128 2486 dempta
1151 2401 1302 2466 canitiem

280 2492 458 2555 ostentans:
493 2490 625 2575 ‘Venit',
653 2491 769 2574 inquit,
801 2490 894 2575 ‘dies‚
919 2512 983 2574 quo
1008 2495 1064 2555 aut
1087 2492 1223 2555 victoria
1246 2495 1303 2555 aut

280 2584 382 2644 morte
406 2580 643 2663 honestissima,
662 2579 774 2663 quales
793 2579 913 2644 amicos
933 2584 965 2644 et
984 2579 1104 2648 milites
1121 2578 1302 2647 Alexander

275 2668 410 2752 habeat,
434 2668 620 2734 ostendam'.
659 2668 729 2733 Nec
751 2668 847 2753 plura
872 2668 1018 2733 elocutus
1046 2691 1165 2752 equum
1188 2668 1222 2732 in
1245 2667 1302 2732 ho·
1321 2684 1355 2732 33

238 2786 264 2825 as
280 2762 361 2822 stem
380 2758 455 2844 egit.
504 2756 654 2822 Crederes
673 2760 878 2842 imperatum,
900 2761 938 2822 ut
957 2757 1040 2822 acies
1059 2762 1214 2840 utraeque
1237 2757 1302 2821 tela

279 2847 479 2914 cohiberent:
525 2846 675 2930 protinus
717 2851 802 2911 certe
839 2850 1039 2911 recesserimt
1081 2846 1156 2910 dato
1179 2846 1300 2911 *libero

277 2984 492 2993 μβ..-

352 3058 589 3129 lequorumque]
605 3074 740 3125 equorum
754 3063 782 3110 P.
834 3056 945 3112 nmilia
958 3073 1010 3111 om.
1024 3062 1053 3109 P.
1105 3056 1299 3110 3Bactrus1:

277 3130 392 3183 boetrus
407 3133 438 3183 A.
507 3136 523 3182 b
541 3129 579 3200 Is]
598 3128 643 3181 his
662 3133 690 3181 P.
760 3134 776 3182 6
795 3126 1064 3198 Peloponnesiorum
1082 3134 1108 3181 1:
1128 3126 1300 3197 peloponen-

278 3201 383 3254 siorum
399 3206 430 3253 A.
486 3199 601 3271 8victi]
614 3199 705 3254 uincti
718 3206 740 3252 P
754 3217 789 3253 m.
799 3217 846 3269 pr.
898 3204 931 3253 10
947 3198 1078 3270 Scythas]
1093 3199 1199 3253 scithas
1214 3203 1299 3267 ΕΠ,

276 3273 364 3326 scitas
378 3278 409 3325 V.
465 3271 588 3343 amnem]
602 3287 714 3324 omnem
727 3276 755 3324 P.
812 3270 991 3325 12Aricrum
1005 3270 1113 3326 Lauar:
1134 3271 1262 3324 arianum
1276 3276 1299 3323 A

277 3341 417 3468 fflmum
430 3344 474 3414 η.
534 3341 658 3397 Caranus
678 3342 845 3398 Frobcm'us:
866 3358 1005 3395 cauranus
1019 3348 1048 3410 P,
1067 3358 1199 3396 caurarus
1219 3348 1245 3395 0.

317 3414 409 3483 'gyius
423 3414 593 3469 Frobeaiue:
613 3413 727 3485 eriguus
741 3419 772 3467 Δ,
837 3418 870 3468 13
889 3414 964 3485 erat}
982 3415 1063 3467 erant
1076 3419 1104 3467 P.
1169 3412 1299 3468 Macedo·

277 3504 328 3539 nas
352 3492 384 3539 P:
411 3486 577 3539 macedones
601 3492 627 3539 0.
737 3490 771 3538 14
791 3484 988 3539 Satibarzanes
1012 3485 1188 3540 Vindelicus:
1215 3485 1298 3539 sarti-

277 3558 359 3610 bazes
375 3563 405 3609 Δ.
463 3563 495 3610 16
509 3555 651 3628 inhibitis]
666 3554 777 3610 inibitis
792 3561 839 3608 LV
853 3574 888 3611 m.
898 3573 944 3626 pr.
997 3561 1031 3610 18
1050 3556 1203 3610 certamine
1217 3555 1298 3611 habi-

277 3631 372 3682 turum
408 3630 515 3681 certam
532 3627 727 3683 inhabitarem
745 3633 774 3681 P.
845 3634 877 3681 19
898 3626 979 3681 ducis
993 3627 1125 3698 Erigyius
1140 3627 1296 3695 sumptim:

275 3701 334 3753 dur
361 3699 438 3752 ilius
467 3700 604 3754 exercitus
633 3706 664 3754 Δ.
773 3705 807 3753 21
841 3698 987 3770 canitiem]
1012 3699 1163 3753 ‚caniciem
1191 3702 1297 3752 PLPV.

277 3777 311 3896 2i
326 3772 427 3842 morte]
444 3774 563 3825 mortem
576 3776 607 3824 P.
664 3776 699 3824 24
713 3770 873 3842 ostendam]
887 3769 1055 3825 hortandam
1069 3776 1097 3823 P.
1157 3768 1297 3841 elocutus]

275 3846 425 3911 coquntur
444 3848 473 3897 P.
1158 3882 1160 3886 -
