3150 4459
446 439 699 494 HISTORIARUM
717 438 933 492 ALEXANDRI
951 438 1010 505 VII,
1031 445 1054 493 1.
1194 437 1260 501 233

241 606 372 670 meliore
404 605 548 668 hostium
582 626 679 687 quam
711 624 783 676 meo
816 607 973 687 tempore:
1006 603 1061 666 sed
1087 602 1262 667 necessitas

241 699 315 758 ante
347 693 504 758 rationem
538 698 599 775 est,
630 695 770 758 maxime
802 692 836 755 in
865 692 964 775 bello,
997 713 1061 775 quo
1093 714 1166 756 raro
1194 714 1263 776 per·

242 784 384 847 mittitur
407 788 553 866 tempora
576 782 702 867 eligere.
748 782 903 847 Defecere
926 781 1099 865 Bactriani,
1128 780 1162 843 in
1186 802 1263 864 quo·
1284 802 1315 850 11

241 895 313 936 rum
342 872 520 936 cervicibus
548 875 684 955 stamus,
717 875 762 954 et,
795 875 950 955 quantum
979 870 1012 934 in
1040 870 1135 934 nobis
1163 870 1264 934 animi

216 964 298 1044 5sit,
330 961 435 1025 alieno
460 961 562 1025 Marte
595 962 814 1045 experiuntur.
866 959 963 1024 Haud
990 960 1089 1024 dubia
1119 960 1262 1024 fortuna:

242 1052 270 1113 si
290 1051 492 1115 omiserimus
507 1048 644 1134 Scythas
664 1052 750 1115 ultro
770 1072 859 1114 arma
880 1050 1063 1131 inferentes,
1086 1048 1263 1132 contempti

242 1141 282 1204 ad
305 1141 393 1223 illos,
426 1140 481 1224 qui
506 1140 704 1223 defecerunt,
737 1145 945 1204 revertemur:
979 1139 1006 1203 si
1030 1159 1105 1202 vero
1129 1137 1262 1202 Tanaim
1284 1159 1316 1208 12

241 1230 463 1294 transierimus
496 1233 528 1293 et
560 1229 681 1312 ubique
714 1229 852 1293 invictos
885 1249 953 1292 esse
986 1249 1045 1292 nos
1071 1226 1263 1312 Scytharum

242 1318 383 1402 pernicie
406 1340 443 1382 ac
466 1320 623 1405 sanguine
647 1318 894 1401 ostenderimus,
928 1317 1000 1400 quis
1025 1316 1188 1381 dubitabit
1210 1339 1264 1400 pa·

201 1445 227 1483 10
241 1430 311 1472 rere
335 1408 432 1472 etiam
450 1408 600 1490 Europae
623 1407 823 1472 victoribus?
860 1406 1006 1490 Fallitur,
1030 1406 1086 1490 qui
1107 1406 1264 1470 terminos
1285 1428 1317 1475 13

242 1498 363 1583 gloriae
387 1502 516 1561 nostrae
539 1497 672 1561 metitur
695 1497 810 1581 spatio,
841 1497 928 1579 quod
950 1496 1120 1560 transituri
1144 1517 1263 1559 sumus.

241 1587 334 1651 Unus
358 1588 463 1651 amnis
486 1587 656 1652 interfluit:
681 1607 775 1667 quem
800 1587 828 1650 si
851 1586 1027 1669 traicimus,
1050 1585 1085 1649 in
1098 1584 1265 1668 Europam

242 1699 331 1740 arma
363 1676 563 1759 proferimus.
610 1675 654 1738 Et
687 1676 799 1759 quanti
831 1674 1062 1739 aestimandum
1094 1678 1155 1755 est,
1188 1674 1318 1743 (11111111

242 1766 353 1830 Asiam
387 1765 581 1851 subigimus,
614 1765 648 1827 in
676 1766 740 1828 alio
772 1763 1008 1847 quodammodo
1034 1763 1111 1827 orbe
1133 1767 1266 1847 tropaea

202 1891 227 1930 15
243 1860 383 1919 statuere
409 1859 440 1919 11
446 1907 455 1939 ,
488 1877 569 1937 quae
592 1857 660 1917 tam
682 1855 782 1937 longo
806 1853 975 1917 intervallo
1000 1855 1116 1917 natura
1138 1851 1266 1917 videtur

243 1944 421 2026 diremisse,
454 1966 519 2008 una
546 1944 682 2007 victoria
710 1942 817 2007 subito
846 1942 1070 2007 committere?
1106 1940 1165 2023 At,
1194 1942 1318 2012 her-15

244 2036 322 2109 cule,
347 2034 373 2096 si
396 2035 530 2117 paulum
555 2032 794 2115 cessaverimus,
814 2033 848 2095 in
870 2033 971 2117 tergis
989 2030 1111 2095 nostris
1126 2029 1265 2114 Scythae

243 2122 428 2186 haerebunt.
466 2122 519 2185 An
543 2122 603 2185 soli
628 2143 747 2204 snmus,
771 2122 827 2205 qui
850 2120 984 2186 flumina
1007 2125 1173 2185 transnare
1192 2141 1265 2204 pos·

243 2211 376 2275 sumus?
412 2210 518 2275 Multa
541 2210 573 2274 in
597 2210 814 2294 nosmetipsos
838 2210 989 2293 recident,
1020 2210 1138 2293 quibus
1161 2210 1266 2273 adhuc

203 2337 229 2375 20
243 2301 388 2365 vicimus.
447 2300 592 2365 Fortuna
625 2300 701 2365 belli
733 2304 835 2364 artem
866 2300 969 2364 victos
1003 2320 1131 2383 quoque
1164 2299 1265 2363 docet.
1286 2321 1318 2368 11

243 2389 380 2455 Utribus
413 2412 538 2454 amnem
571 2389 739 2454 traiciendi
772 2390 954 2472 exemplum
986 2389 1122 2453 fecimus
1149 2409 1265 2472 nuper:

243 2481 305 2545 hoo
337 2483 374 2542 ut
398 2477 537 2562 Scythae
564 2479 686 2543 imitari
718 2478 876 2561 nesciant,
906 2478 1071 2542 Bactriani
1095 2477 1264 2543 docebunt.

243 2570 412 2632 Praeterea
435 2590 519 2633 unus
542 2568 648 2654 gentis
672 2568 768 2635 huius
793 2568 954 2632 exercitus
973 2568 1079 2631 adhuc
1097 2567 1193 2651 venit,
1218 2588 1266 2631 ee·
1287 2588 1318 2636 11
1357 2585 1360 2590 “

243 2660 305 2722 teri
329 2662 546 2741 expectantur.
593 2658 644 2722 Ita
667 2659 786 2723 bellum
811 2656 944 2721 vitando
969 2658 1091 2721 alemus
1115 2660 1156 2739 et,
1180 2655 1266 2739 quod

204 2783 228 2822 25
243 2749 363 2812 inferre
381 2770 564 2830 possumus,
582 2748 727 2831 accipere
741 2768 903 2832 cogemur.
943 2746 1116 2810 Manifesta
1130 2747 1178 2809 est
1193 2766 1267 2810 con·
1287 2767 1319 2814 18

244 2839 308 2901 silii
331 2838 393 2900 mei
418 2837 514 2901 ratio:
539 2837 603 2921 sed,
627 2859 669 2900 an
687 2835 876 2920 permissuri
895 2835 962 2898 sint
980 2834 1060 2898 mihi
1075 2832 1266 2899 Macedones

317 3127 331 3171 ⁵2
352 3138 406 3187 quo
421 3126 446 3173 1:
467 3120 542 3186 quod
556 3124 586 3172 Δ.
643 3126 659 3171 3
678 3122 808 3187 tempora
822 3118 925 3186 eligere
940 3118 1109 3172 Frobem'ce:
1127 3119 1266 3185 tempore-

244 3192 338 3260 legere
358 3196 387 3243 A.
488 3195 505 3241 4
525 3192 645 3261 stamus]
665 3193 693 3244 et
712 3193 818 3244 stamus
837 3195 897 3258 PV,
918 3191 1043 3243 *stamus
1062 3195 1095 3255 L,
1114 3190 1146 3241 ia
1164 3192 1184 3239 B
1204 3194 1267 3243 cate

244 3265 351 3315 stamus
362 3264 483 3331 spatr'um
490 3262 611 3316 ducrum
621 3263 776 3317 litterarum
785 3278 902 3316 1111111111
912 3262 1037 3315 relictam
1047 3267 1092 3315 eat.
1144 3264 1160 3311 ὁ
1170 3258 1265 3331 Hand]

244 3337 293 3386 aut
312 3339 341 3386 V.
419 3333 506 3387 dubia
525 3332 651 3405 fortuna]
675 3333 760 3387 dubie
779 3333 922 3387 fortunam
941 3337 969 3386 P.
1044 3330 1266 3403 tomiserimus]

244 3405 434 3458 omisserimus
449 3411 477 3458 P.
534 3404 666 3477 Scythas]
685 3404 790 3459 scithas
806 3411 823 3456 c
840 3403 994 3487 [1111111]Ι
1051 3408 1066 3457 8
1087 3401 1266 3473 Scytharum]

244 3476 425 3529 scitharumc
441 3477 586 3546 [scitamm
596 3478 640 3547 V]
696 3476 879 3547 9dubitab1t]
894 3474 1039 3529 dubitauit
1049 3481 1074 3528 0.
1132 3474 1265 3529 111111-

192 3600 195 3605 .
243 3565 296 3616 pae
313 3549 485 3602 Letellerics:
504 3564 626 3617 europen
641 3554 671 3601 A.
727 3546 860 3617 Fallitur]
874 3545 983 3601 fallitor
996 3552 1024 3600 P.
1082 3550 1114 3600 15
1130 3546 1266 3617 statuere]

244 3621 337 3672 stuere
351 3626 378 3672 P.
455 3626 487 3673 16
508 3619 666 3693 diremisse]
686 3619 827 3673 dirimisse
841 3624 869 3673 P.
943 3618 1131 3689 committere]
1152 3616 1266 3670 commi-

243 3695 302 3744 tere
321 3697 349 3743 1..
423 3692 472 3761 At]
491 3692 528 3744 ad
543 3698 570 3745 P.
644 3689 771 3762 hercule]
791 3688 884 3744 ercule
902 3695 933 3743 V.
1008 3694 1040 3743 17
1061 3689 1195 3759 Scythae]
1214 3688 1266 3741 sci-

243 3763 310 3815 thae
329 3767 387 3830 BL,
408 3763 496 3816 scitae
511 3769 566 3816 Π.
625 3769 658 3817 19
677 3762 817 3834 recident]
836 3761 980 3816 reccident
994 3766 1022 3815 P.
1078 3766 1112 3813 22
1132 3758 1266 3830 Scythae]

244 3834 351 3887 soithae
371 3839 430 3901 BL,
450 3834 538 3889 scitae
558 3841 613 3888 Π.
688 3838 722 3889 15
741 3833 904 3907 possumus]
923 3849 1058 3904 posumus
1077 3838 1104 3886 P.
1178 3838 1179 3843 ’
