<?xml version="1.0" encoding="UTF-8"?>
<!DOCTYPE html PUBLIC "-//W3C//DTD XHTML 1.0 Transitional//EN"
    "http://www.w3.org/TR/xhtml1/DTD/xhtml1-transitional.dtd">
<html xmlns="http://www.w3.org/1999/xhtml" xml:lang="en" lang="en">
 <head>
  <title>
</title>
<meta http-equiv="Content-Type" content="text/html;charset=utf-8" />
  <meta name='ocr-system' content='tesseract 3.04.00' />
  <meta name='ocr-capabilities' content='ocr_page ocr_carea ocr_par ocr_line ocrx_word'/>
</head>
<body>
  <div class='ocr_page' id='page_1' title='image "./qcurtirufihisto01rufugoog_0277.png"; bbox 0 0 3150 4459; ppageno 0'>
   <div class='ocr_carea' id='block_1_1' title="bbox 456 454 1282 522">
    <p class='ocr_par' dir='ltr' id='par_1_1' title="bbox 456 454 1282 522">
     <span class='ocr_line' id='line_1_1' title="bbox 456 454 1282 522; baseline 0.013 -13"><span class='ocrx_word' id='word_1_1' title='bbox 456 454 711 510; x_wconf 80' lang='lat' dir='ltr'><strong>HISTORIARUM</strong></span> <span class='ocrx_word' id='word_1_2' title='bbox 729 455 946 509; x_wconf 83' lang='lat' dir='ltr'>ALEXANDRI</span> <span class='ocrx_word' id='word_1_3' title='bbox 964 455 1036 522; x_wconf 81' lang='lat' dir='ltr'><strong>vm,</strong></span> <span class='ocrx_word' id='word_1_4' title='bbox 1056 461 1082 510; x_wconf 76' lang='lat'><strong>2.</strong></span> <span class='ocrx_word' id='word_1_5' title='bbox 1217 455 1282 519; x_wconf 75' lang='grc'><strong>259</strong></span> 
     </span>
    </p>
   </div>
   <div class='ocr_carea' id='block_1_2' title="bbox 218 619 1399 3025">
    <p class='ocr_par' dir='ltr' id='par_1_2' title="bbox 232 619 1399 1419">
     <span class='ocr_line' id='line_1_2' title="bbox 260 619 1283 705; baseline 0.002 -23"><span class='ocrx_word' id='word_1_6' title='bbox 260 619 365 683; x_wconf 89' lang='lat' dir='ltr'><strong>solum</strong></span> <span class='ocrx_word' id='word_1_7' title='bbox 388 621 499 702; x_wconf 83' lang='lat' dir='ltr'>aequis</span> <span class='ocrx_word' id='word_1_8' title='bbox 524 619 626 684; x_wconf 85' lang='lat' dir='ltr'><strong>oculis</strong></span> <span class='ocrx_word' id='word_1_9' title='bbox 649 619 756 684; x_wconf 83' lang='lat' dir='ltr'><strong>videre</strong></span> <span class='ocrx_word' id='word_1_10' title='bbox 779 641 847 683; x_wconf 91' lang='lat' dir='ltr'><strong>non</strong></span> <span class='ocrx_word' id='word_1_11' title='bbox 870 620 999 702; x_wconf 89' lang='lat' dir='ltr'><strong>poterit.</strong></span> <span class='ocrx_word' id='word_1_12' title='bbox 1045 619 1090 682; x_wconf 83' lang='lat' dir='ltr'><strong>Et</strong></span> <span class='ocrx_word' id='word_1_13' title='bbox 1114 640 1283 705; x_wconf 35' lang='lat' dir='ltr'><strong>egoffiser·</strong></span> 
     </span>
     <span class='ocr_line' id='line_1_3' title="bbox 259 702 1399 873; baseline 0.001 -102"><span class='ocrx_word' id='word_1_14' title='bbox 259 713 407 772; x_wconf 86' lang='lat' dir='ltr'><strong>vatorum</strong></span> <span class='ocrx_word' id='word_1_15' title='bbox 428 731 574 772; x_wconf 90' lang='lat' dir='ltr'><strong>meorum</strong></span> <span class='ocrx_word' id='word_1_16' title='bbox 593 708 686 793; x_wconf 91' lang='lat' dir='ltr'><strong>latro,</strong></span> <span class='ocrx_word' id='word_1_17' title='bbox 709 713 852 773; x_wconf 88' lang='lat' dir='ltr'><strong>revertar</strong></span> <span class='ocrx_word' id='word_1_18' title='bbox 871 710 904 772; x_wconf 93' lang='lat' dir='ltr'><strong>in</strong></span> <span class='ocrx_word' id='word_1_19' title='bbox 923 708 1071 792; x_wconf 89' lang='lat' dir='ltr'><strong>patriam,</strong></span> <span class='ocrx_word' id='word_1_20' title='bbox 1095 712 1190 773; x_wconf 93' lang='lat' dir='ltr'><strong>utne</strong></span> <span class='ocrx_word' id='word_1_21' title='bbox 1210 702 1399 873; x_wconf 22' lang='lat' dir='ltr'><strong>dcxli-w(</strong></span> 
     </span>
     <span class='ocr_line' id='line_1_4' title="bbox 259 796 1283 881; baseline 0.001 -20"><span class='ocrx_word' id='word_1_22' title='bbox 259 803 360 862; x_wconf 90' lang='lat' dir='ltr'><strong>teram</strong></span> <span class='ocrx_word' id='word_1_23' title='bbox 392 798 520 881; x_wconf 91' lang='lat' dir='ltr'><strong>quidem</strong></span> <span class='ocrx_word' id='word_1_24' title='bbox 551 798 670 862; x_wconf 89' lang='lat' dir='ltr'><strong>nutrici</strong></span> <span class='ocrx_word' id='word_1_25' title='bbox 701 798 771 862; x_wconf 91' lang='lat' dir='ltr'><strong>sine</strong></span> <span class='ocrx_word' id='word_1_26' title='bbox 800 800 957 862; x_wconf 90' lang='lat' dir='ltr'><strong>memoria</strong></span> <span class='ocrx_word' id='word_1_27' title='bbox 989 796 1182 862; x_wconf 72' lang='lat' dir='ltr'><strong>calamitatis</strong></span> <span class='ocrx_word' id='word_1_28' title='bbox 1214 799 1283 862; x_wconf 89' lang='lat' dir='ltr'><strong>eius</strong></span> 
     </span>
     <span class='ocr_line' id='line_1_5' title="bbox 259 887 1337 971; baseline -0.002 -20"><span class='ocrx_word' id='word_1_29' title='bbox 259 889 374 951; x_wconf 87' lang='lat' dir='ltr'><strong>offerre</strong></span> <span class='ocrx_word' id='word_1_30' title='bbox 398 887 545 971; x_wconf 66' lang='lat' dir='ltr'><strong>possim?</strong></span> <span class='ocrx_word' id='word_1_31' title='bbox 569 887 614 950; x_wconf 85' lang='lat' dir='ltr'><strong>Et</strong></span> <span class='ocrx_word' id='word_1_32' title='bbox 636 909 710 951; x_wconf 93' lang='lat' dir='ltr'><strong>cum</strong></span> <span class='ocrx_word' id='word_1_33' title='bbox 730 887 804 951; x_wconf 90' lang='lat' dir='ltr'><strong>finis</strong></span> <span class='ocrx_word' id='word_1_34' title='bbox 822 887 966 951; x_wconf 75' lang='lat' dir='ltr'><strong>lacrimis</strong></span> <span class='ocrx_word' id='word_1_35' title='bbox 985 888 1200 971; x_wconf 80' lang='lat' dir='ltr'><strong>querellisque</strong></span> <span class='ocrx_word' id='word_1_36' title='bbox 1218 906 1284 951; x_wconf 91' lang='lat' dir='ltr'><strong>non</strong></span> <span class='ocrx_word' id='word_1_37' title='bbox 1305 903 1337 951; x_wconf 92' lang='lat'><strong>10</strong></span> 
     </span>
     <span class='ocr_line' id='line_1_6' title="bbox 232 975 1284 1060; baseline 0 -20"><span class='ocrx_word' id='word_1_38' title='bbox 232 977 362 1054; x_wconf 79' lang='lat' dir='ltr'><strong>sfieret,</strong></span> <span class='ocrx_word' id='word_1_39' title='bbox 396 977 487 1041; x_wconf 89' lang='lat' dir='ltr'><strong>iussu</strong></span> <span class='ocrx_word' id='word_1_40' title='bbox 519 977 696 1041; x_wconf 89' lang='lat' dir='ltr'><strong>amicorum</strong></span> <span class='ocrx_word' id='word_1_41' title='bbox 720 998 838 1060; x_wconf 89' lang='lat' dir='ltr'><strong>corpus</strong></span> <span class='ocrx_word' id='word_1_42' title='bbox 861 977 1006 1040; x_wconf 91' lang='lat' dir='ltr'><strong>ablatum</strong></span> <span class='ocrx_word' id='word_1_43' title='bbox 1030 980 1088 1041; x_wconf 89' lang='lat' dir='ltr'><strong>est.</strong></span> <span class='ocrx_word' id='word_1_44' title='bbox 1134 975 1204 1040; x_wconf 83' lang='lat' dir='ltr'><strong>Rex</strong></span> <span class='ocrx_word' id='word_1_45' title='bbox 1229 977 1284 1040; x_wconf 88' lang='lat' dir='ltr'><strong>tri·</strong></span> 
     </span>
     <span class='ocr_line' id='line_1_7' title="bbox 260 1065 1336 1151; baseline 0 -21"><span class='ocrx_word' id='word_1_46' title='bbox 260 1067 359 1130; x_wconf 91' lang='lat' dir='ltr'><strong>duum</strong></span> <span class='ocrx_word' id='word_1_47' title='bbox 387 1066 487 1130; x_wconf 91' lang='lat' dir='ltr'><strong>iacuit</strong></span> <span class='ocrx_word' id='word_1_48' title='bbox 515 1065 664 1130; x_wconf 89' lang='lat' dir='ltr'><strong>inclusus.</strong></span> <span class='ocrx_word' id='word_1_49' title='bbox 712 1065 815 1143; x_wconf 82' lang='lat' dir='ltr'><strong>Quem</strong></span> <span class='ocrx_word' id='word_1_50' title='bbox 838 1070 875 1130; x_wconf 91' lang='lat' dir='ltr'><strong>ut</strong></span> <span class='ocrx_word' id='word_1_51' title='bbox 898 1066 1050 1151; x_wconf 86' lang='lat' dir='ltr'><strong>armigeri</strong></span> <span class='ocrx_word' id='word_1_52' title='bbox 1075 1066 1284 1150; x_wconf 78' lang='lat' dir='ltr'><strong>corporisque</strong></span> <span class='ocrx_word' id='word_1_53' title='bbox 1304 1083 1336 1130; x_wconf 83' lang='lat'><strong>11</strong></span> 
     </span>
     <span class='ocr_line' id='line_1_8' title="bbox 260 1154 1285 1240; baseline 0 -22"><span class='ocrx_word' id='word_1_54' title='bbox 260 1155 408 1218; x_wconf 81' lang='lat' dir='ltr'><strong>custodes</strong></span> <span class='ocrx_word' id='word_1_55' title='bbox 439 1155 480 1218; x_wconf 90' lang='lat' dir='ltr'><strong>ad</strong></span> <span class='ocrx_word' id='word_1_56' title='bbox 511 1155 713 1219; x_wconf 90' lang='lat' dir='ltr'><strong>moriendum</strong></span> <span class='ocrx_word' id='word_1_57' title='bbox 737 1154 937 1220; x_wconf 90' lang='lat' dir='ltr'><strong>obstinatum</strong></span> <span class='ocrx_word' id='word_1_58' title='bbox 962 1178 1031 1219; x_wconf 90' lang='lat' dir='ltr'><strong>esse</strong></span> <span class='ocrx_word' id='word_1_59' title='bbox 1055 1160 1285 1240; x_wconf 81' lang='lat' dir='ltr'><strong>cognoverunt,</strong></span> 
     </span>
     <span class='ocr_line' id='line_1_9' title="bbox 259 1244 1284 1329; baseline -0.002 -20"><span class='ocrx_word' id='word_1_60' title='bbox 259 1245 401 1309; x_wconf 88' lang='lat' dir='ltr'><strong>universi</strong></span> <span class='ocrx_word' id='word_1_61' title='bbox 429 1246 463 1307; x_wconf 92' lang='lat' dir='ltr'><strong>in</strong></span> <span class='ocrx_word' id='word_1_62' title='bbox 493 1244 738 1309; x_wconf 88' lang='lat' dir='ltr'><strong>tabernaculum</strong></span> <span class='ocrx_word' id='word_1_63' title='bbox 769 1246 960 1328; x_wconf 89' lang='lat' dir='ltr'><strong>inrumpunt</strong></span> <span class='ocrx_word' id='word_1_64' title='bbox 991 1244 1110 1328; x_wconf 89' lang='lat' dir='ltr'><strong>diuque</strong></span> <span class='ocrx_word' id='word_1_65' title='bbox 1133 1244 1284 1329; x_wconf 91' lang='lat' dir='ltr'><strong>precibus</strong></span> 
     </span>
     <span class='ocr_line' id='line_1_10' title="bbox 260 1334 1283 1419; baseline 0 -22"><span class='ocrx_word' id='word_1_66' title='bbox 260 1336 403 1417; x_wconf 88' lang='lat' dir='ltr'><strong>ipsorum</strong></span> <span class='ocrx_word' id='word_1_67' title='bbox 428 1336 622 1398; x_wconf 88' lang='lat' dir='ltr'><strong>reluctatum</strong></span> <span class='ocrx_word' id='word_1_68' title='bbox 646 1355 740 1419; x_wconf 80' lang='lat' dir='ltr'><strong>aegre</strong></span> <span class='ocrx_word' id='word_1_69' title='bbox 764 1335 923 1418; x_wconf 88' lang='lat' dir='ltr'><strong>vicerunt,</strong></span> <span class='ocrx_word' id='word_1_70' title='bbox 956 1339 993 1398; x_wconf 91' lang='lat' dir='ltr'><strong>ut</strong></span> <span class='ocrx_word' id='word_1_71' title='bbox 1016 1334 1125 1400; x_wconf 92' lang='lat' dir='ltr'><strong>cibum</strong></span> <span class='ocrx_word' id='word_1_72' title='bbox 1149 1338 1283 1418; x_wconf 89' lang='lat' dir='ltr'><strong>caperet.</strong></span> 
     </span>
    </p>

    <p class='ocr_par' dir='ltr' id='par_1_3' title="bbox 219 1422 1378 1667">
     <span class='ocr_line' id='line_1_11' title="bbox 219 1422 1337 1507; baseline 0 -19"><span class='ocrx_word' id='word_1_73' title='bbox 219 1451 244 1488; x_wconf 85' lang='lat'><strong>1⁰</strong></span> <span class='ocrx_word' id='word_1_74' title='bbox 259 1422 394 1507; x_wconf 81' lang='lat' dir='ltr'><strong>Quoque</strong></span> <span class='ocrx_word' id='word_1_75' title='bbox 418 1424 525 1487; x_wconf 88' lang='lat' dir='ltr'><strong>minus</strong></span> <span class='ocrx_word' id='word_1_76' title='bbox 549 1424 654 1487; x_wconf 88' lang='lat' dir='ltr'><strong>caedis</strong></span> <span class='ocrx_word' id='word_1_77' title='bbox 678 1423 823 1507; x_wconf 90' lang='lat' dir='ltr'><strong>puderet,</strong></span> <span class='ocrx_word' id='word_1_78' title='bbox 846 1424 915 1488; x_wconf 89' lang='lat' dir='ltr'><strong>iure</strong></span> <span class='ocrx_word' id='word_1_79' title='bbox 937 1424 1142 1488; x_wconf 87' lang='lat' dir='ltr'><strong>interfectum</strong></span> <span class='ocrx_word' id='word_1_80' title='bbox 1163 1422 1284 1487; x_wconf 80' lang='lat' dir='ltr'><strong>Clitum</strong></span> <span class='ocrx_word' id='word_1_81' title='bbox 1305 1440 1337 1488; x_wconf 76' lang='lat'><strong>12</strong></span> 
     </span>
     <span class='ocr_line' id='line_1_12' title="bbox 258 1512 1378 1598; baseline 0.001 -23"><span class='ocrx_word' id='word_1_82' title='bbox 258 1513 449 1577; x_wconf 89' lang='lat' dir='ltr'><strong>Macedones</strong></span> <span class='ocrx_word' id='word_1_83' title='bbox 473 1512 658 1596; x_wconf 87' lang='lat' dir='ltr'><strong>decernunt,</strong></span> <span class='ocrx_word' id='word_1_84' title='bbox 682 1514 848 1596; x_wconf 81' lang='lat' dir='ltr'><strong>sepultura</strong></span> <span class='ocrx_word' id='word_1_85' title='bbox 872 1534 1000 1597; x_wconf 93' lang='lat' dir='ltr'><strong>quoque</strong></span> <span class='ocrx_word' id='word_1_86' title='bbox 1021 1512 1228 1598; x_wconf 80' lang='lat' dir='ltr'><strong>prohibituri,</strong></span> <span class='ocrx_word' id='word_1_87' title='bbox 1249 1514 1285 1576; x_wconf 90' lang='lat' dir='ltr'><strong>ni</strong></span> <span class='ocrx_word' id='word_1_88' title='bbox 1375 1537 1378 1542; x_wconf 71' lang='grc'><strong>’</strong></span> 
     </span>
     <span class='ocr_line' id='line_1_13' title="bbox 259 1602 646 1667; baseline 0 -2"><span class='ocrx_word' id='word_1_89' title='bbox 259 1626 314 1667; x_wconf 83' lang='lat' dir='ltr'><strong>rex</strong></span> <span class='ocrx_word' id='word_1_90' title='bbox 338 1602 467 1666; x_wconf 91' lang='lat' dir='ltr'><strong>humari</strong></span> <span class='ocrx_word' id='word_1_91' title='bbox 491 1603 646 1666; x_wconf 88' lang='lat' dir='ltr'><strong>iussisset.</strong></span> 
     </span>
    </p>

    <p class='ocr_par' dir='ltr' id='par_1_4' title="bbox 229 1690 1337 1865">
     <span class='ocr_line' id='line_1_14' title="bbox 229 1690 1337 1777; baseline 0.004 -25"><span class='ocrx_word' id='word_1_92' title='bbox 229 1698 243 1752; x_wconf 81' lang='grc'><strong>7</strong></span> <span class='ocrx_word' id='word_1_93' title='bbox 327 1690 433 1777; x_wconf 85' lang='lat' dir='ltr'><strong>Igitur</strong></span> <span class='ocrx_word' id='word_1_94' title='bbox 453 1710 477 1754; x_wconf 83' lang='lat' dir='ltr'>x</span> <span class='ocrx_word' id='word_1_95' title='bbox 496 1691 610 1755; x_wconf 90' lang='lat' dir='ltr'><strong>diebus</strong></span> <span class='ocrx_word' id='word_1_96' title='bbox 629 1691 769 1755; x_wconf 88' lang='lat' dir='ltr'><strong>maxime</strong></span> <span class='ocrx_word' id='word_1_97' title='bbox 793 1691 834 1754; x_wconf 90' lang='lat' dir='ltr'><strong>ad</strong></span> <span class='ocrx_word' id='word_1_98' title='bbox 853 1690 1109 1756; x_wconf 89' lang='lat' dir='ltr'><strong>confirmandum</strong></span> <span class='ocrx_word' id='word_1_99' title='bbox 1127 1691 1283 1775; x_wconf 88' lang='lat' dir='ltr'><strong>pudorem</strong></span> <span class='ocrx_word' id='word_1_100' title='bbox 1305 1707 1337 1756; x_wconf 79' lang='grc'><strong>13</strong></span> 
     </span>
     <span class='ocr_line' id='line_1_15' title="bbox 259 1780 1284 1865; baseline -0.001 -20"><span class='ocrx_word' id='word_1_101' title='bbox 259 1783 344 1864; x_wconf 89' lang='lat' dir='ltr'><strong>apud</strong></span> <span class='ocrx_word' id='word_1_102' title='bbox 367 1780 560 1845; x_wconf 89' lang='lat' dir='ltr'><strong>Maracanda</strong></span> <span class='ocrx_word' id='word_1_103' title='bbox 588 1780 788 1864; x_wconf 79' lang='lat' dir='ltr'><strong>consumptis</strong></span> <span class='ocrx_word' id='word_1_104' title='bbox 818 1802 891 1845; x_wconf 92' lang='lat' dir='ltr'><strong>cum</strong></span> <span class='ocrx_word' id='word_1_105' title='bbox 921 1784 1013 1865; x_wconf 90' lang='lat' dir='ltr'><strong>parte</strong></span> <span class='ocrx_word' id='word_1_106' title='bbox 1037 1781 1197 1845; x_wconf 87' lang='lat' dir='ltr'><strong>exercitus</strong></span> <span class='ocrx_word' id='word_1_107' title='bbox 1221 1780 1284 1844; x_wconf 90' lang='lat' dir='ltr'><strong>He-</strong></span> 
     </span>
    </p>

    <p class='ocr_par' dir='ltr' id='par_1_5' title="bbox 219 1869 1338 2312">
     <span class='ocr_line' id='line_1_16' title="bbox 219 1869 1284 1956; baseline -0.001 -22"><span class='ocrx_word' id='word_1_108' title='bbox 219 1896 244 1935; x_wconf 83' lang='lat'><strong>15</strong></span> <span class='ocrx_word' id='word_1_109' title='bbox 258 1871 482 1953; x_wconf 90' lang='lat' dir='ltr'><strong>phaestionem</strong></span> <span class='ocrx_word' id='word_1_110' title='bbox 506 1871 541 1933; x_wconf 93' lang='lat' dir='ltr'><strong>in</strong></span> <span class='ocrx_word' id='word_1_111' title='bbox 564 1870 728 1956; x_wconf 86' lang='lat' dir='ltr'><strong>regionem</strong></span> <span class='ocrx_word' id='word_1_112' title='bbox 747 1870 952 1933; x_wconf 88' lang='lat' dir='ltr'><strong>Bactrianam</strong></span> <span class='ocrx_word' id='word_1_113' title='bbox 976 1869 1066 1932; x_wconf 89' lang='lat' dir='ltr'><strong>misit</strong></span> <span class='ocrx_word' id='word_1_114' title='bbox 1086 1874 1284 1935; x_wconf 84' lang='lat' dir='ltr'><strong>commeatus</strong></span> 
     </span>
     <span class='ocr_line' id='line_1_17' title="bbox 259 1957 1338 2044; baseline 0.003 -23"><span class='ocrx_word' id='word_1_115' title='bbox 259 1960 294 2022; x_wconf 90' lang='lat' dir='ltr'><strong>in</strong></span> <span class='ocrx_word' id='word_1_116' title='bbox 322 1960 468 2034; x_wconf 87' lang='lat' dir='ltr'><strong>hiemem</strong></span> <span class='ocrx_word' id='word_1_117' title='bbox 487 1963 686 2044; x_wconf 82' lang='lat' dir='ltr'><strong>paraturum.</strong></span> <span class='ocrx_word' id='word_1_118' title='bbox 733 1957 835 2035; x_wconf 82' lang='lat' dir='ltr'><strong>Quam</strong></span> <span class='ocrx_word' id='word_1_119' title='bbox 861 1958 947 2023; x_wconf 76' lang='lat' dir='ltr'><strong>Clito</strong></span> <span class='ocrx_word' id='word_1_120' title='bbox 972 1962 1060 2022; x_wconf 51' lang='lat' dir='ltr'><strong>ante*</strong></span> <span class='ocrx_word' id='word_1_121' title='bbox 1070 1959 1286 2025; x_wconf 88' lang='lat' dir='ltr'><strong>destinaverat</strong></span> <span class='ocrx_word' id='word_1_122' title='bbox 1305 1977 1338 2024; x_wconf 77' lang='grc'><strong>11</strong></span> 
     </span>
     <span class='ocr_line' id='line_1_18' title="bbox 260 2047 1283 2133; baseline 0.001 -21"><span class='ocrx_word' id='word_1_123' title='bbox 260 2049 474 2131; x_wconf 83' lang='lat' dir='ltr'><strong>provinciam,</strong></span> <span class='ocrx_word' id='word_1_124' title='bbox 515 2047 677 2131; x_wconf 87' lang='lat' dir='ltr'><strong>Amyntae</strong></span> <span class='ocrx_word' id='word_1_125' title='bbox 708 2048 809 2112; x_wconf 88' lang='lat' dir='ltr'><strong>dedit:</strong></span> <span class='ocrx_word' id='word_1_126' title='bbox 846 2048 915 2131; x_wconf 87' lang='lat' dir='ltr'><strong>ipse</strong></span> <span class='ocrx_word' id='word_1_127' title='bbox 948 2047 1097 2131; x_wconf 85' lang='lat' dir='ltr'><strong>Xenippa</strong></span> <span class='ocrx_word' id='word_1_128' title='bbox 1128 2050 1283 2133; x_wconf 85' lang='lat' dir='ltr'><strong>pervenit.</strong></span> 
     </span>
     <span class='ocr_line' id='line_1_19' title="bbox 260 2137 1284 2223; baseline 0.001 -22"><span class='ocrx_word' id='word_1_129' title='bbox 260 2137 412 2221; x_wconf 86' lang='lat' dir='ltr'><strong>Scythiae</strong></span> <span class='ocrx_word' id='word_1_130' title='bbox 446 2137 582 2201; x_wconf 92' lang='lat' dir='ltr'><strong>confinis</strong></span> <span class='ocrx_word' id='word_1_131' title='bbox 616 2141 665 2200; x_wconf 87' lang='lat' dir='ltr'><strong>est</strong></span> <span class='ocrx_word' id='word_1_132' title='bbox 697 2138 786 2223; x_wconf 86' lang='lat' dir='ltr'><strong>regio</strong></span> <span class='ocrx_word' id='word_1_133' title='bbox 816 2137 1046 2220; x_wconf 89' lang='lat' dir='ltr'><strong>habitaturque</strong></span> <span class='ocrx_word' id='word_1_134' title='bbox 1074 2138 1223 2220; x_wconf 89' lang='lat' dir='ltr'><strong>pluribus</strong></span> <span class='ocrx_word' id='word_1_135' title='bbox 1246 2160 1284 2203; x_wconf 92' lang='lat' dir='ltr'><strong>ac</strong></span> 
     </span>
     <span class='ocr_line' id='line_1_20' title="bbox 259 2226 1284 2312; baseline 0.001 -22"><span class='ocrx_word' id='word_1_136' title='bbox 259 2227 481 2310; x_wconf 86' lang='lat' dir='ltr'><strong>frequentibus</strong></span> <span class='ocrx_word' id='word_1_137' title='bbox 509 2226 604 2308; x_wconf 82' lang='lat' dir='ltr'><strong>vicis,</strong></span> <span class='ocrx_word' id='word_1_138' title='bbox 638 2228 713 2311; x_wconf 91' lang='lat' dir='ltr'><strong>quia</strong></span> <span class='ocrx_word' id='word_1_139' title='bbox 743 2227 873 2291; x_wconf 90' lang='lat' dir='ltr'><strong>ubertas</strong></span> <span class='ocrx_word' id='word_1_140' title='bbox 897 2230 1001 2290; x_wconf 88' lang='lat' dir='ltr'><strong>terrae</strong></span> <span class='ocrx_word' id='word_1_141' title='bbox 1025 2248 1091 2290; x_wconf 91' lang='lat' dir='ltr'><strong>non</strong></span> <span class='ocrx_word' id='word_1_142' title='bbox 1115 2228 1284 2312; x_wconf 81' lang='lat' dir='ltr'><strong>indigenas</strong></span> 
     </span>
    </p>

    <p class='ocr_par' dir='ltr' id='par_1_6' title="bbox 218 2315 1337 2758">
     <span class='ocr_line' id='line_1_21' title="bbox 218 2315 1337 2400; baseline 0 -17"><span class='ocrx_word' id='word_1_143' title='bbox 218 2344 244 2383; x_wconf 80' lang='lat' dir='ltr'><strong>aa</strong></span> <span class='ocrx_word' id='word_1_144' title='bbox 258 2318 354 2381; x_wconf 91' lang='lat' dir='ltr'><strong>modo</strong></span> <span class='ocrx_word' id='word_1_145' title='bbox 374 2316 505 2400; x_wconf 84' lang='lat' dir='ltr'><strong>detinet,</strong></span> <span class='ocrx_word' id='word_1_146' title='bbox 529 2316 699 2381; x_wconf 89' lang='lat' dir='ltr'><strong>sedetiam</strong></span> <span class='ocrx_word' id='word_1_147' title='bbox 719 2316 858 2380; x_wconf 85' lang='lat' dir='ltr'><strong>advenas</strong></span> <span class='ocrx_word' id='word_1_148' title='bbox 878 2316 1002 2379; x_wconf 84' lang='lat' dir='ltr'><strong>invitat.</strong></span> <span class='ocrx_word' id='word_1_149' title='bbox 1038 2315 1284 2381; x_wconf 87' lang='lat' dir='ltr'><strong>Bactrianorum</strong></span> <span class='ocrx_word' id='word_1_150' title='bbox 1304 2336 1337 2383; x_wconf 81' lang='lat'><strong>15</strong></span> 
     </span>
     <span class='ocr_line' id='line_1_22' title="bbox 259 2403 1284 2489; baseline 0.001 -20"><span class='ocrx_word' id='word_1_151' title='bbox 259 2408 402 2489; x_wconf 84' lang='lat' dir='ltr'><strong>exulum,</strong></span> <span class='ocrx_word' id='word_1_152' title='bbox 435 2406 492 2489; x_wconf 93' lang='lat' dir='ltr'><strong>qui</strong></span> <span class='ocrx_word' id='word_1_153' title='bbox 525 2404 565 2469; x_wconf 92' lang='lat' dir='ltr'><strong>ab</strong></span> <span class='ocrx_word' id='word_1_154' title='bbox 596 2403 781 2471; x_wconf 82' lang='lat' dir='ltr'><strong>Alexandro</strong></span> <span class='ocrx_word' id='word_1_155' title='bbox 816 2405 1011 2483; x_wconf 88' lang='lat' dir='ltr'><strong>defecerant,</strong></span> <span class='ocrx_word' id='word_1_156' title='bbox 1044 2406 1284 2489; x_wconf 88' lang='lat' dir='ltr'><strong>receptaculum</strong></span> 
     </span>
     <span class='ocr_line' id='line_1_23' title="bbox 258 2494 1285 2581; baseline 0.001 -22"><span class='ocrx_word' id='word_1_157' title='bbox 258 2496 376 2559; x_wconf 88' lang='lat' dir='ltr'><strong>fuerat:</strong></span> <span class='ocrx_word' id='word_1_158' title='bbox 401 2497 465 2579; x_wconf 85' lang='lat' dir='ltr'><strong>sed,</strong></span> <span class='ocrx_word' id='word_1_159' title='bbox 488 2499 661 2578; x_wconf 90' lang='lat' dir='ltr'><strong>postquam</strong></span> <span class='ocrx_word' id='word_1_160' title='bbox 683 2517 793 2581; x_wconf 86' lang='lat' dir='ltr'><strong>regem</strong></span> <span class='ocrx_word' id='word_1_161' title='bbox 817 2494 989 2559; x_wconf 82' lang='lat' dir='ltr'><strong>adventare</strong></span> <span class='ocrx_word' id='word_1_162' title='bbox 1013 2500 1203 2578; x_wconf 90' lang='lat' dir='ltr'><strong>conpertum</strong></span> <span class='ocrx_word' id='word_1_163' title='bbox 1227 2501 1285 2578; x_wconf 89' lang='lat' dir='ltr'><strong>est,</strong></span> 
     </span>
     <span class='ocr_line' id='line_1_24' title="bbox 258 2583 1337 2669; baseline 0.001 -21"><span class='ocrx_word' id='word_1_164' title='bbox 258 2586 346 2668; x_wconf 90' lang='lat' dir='ltr'><strong>pulsi</strong></span> <span class='ocrx_word' id='word_1_165' title='bbox 369 2584 409 2649; x_wconf 92' lang='lat' dir='ltr'><strong>ab</strong></span> <span class='ocrx_word' id='word_1_166' title='bbox 433 2585 548 2649; x_wconf 91' lang='lat' dir='ltr'><strong>incolis</strong></span> <span class='ocrx_word' id='word_1_167' title='bbox 572 2602 598 2647; x_wconf 92' lang='lat'><strong>11</strong></span> <span class='ocrx_word' id='word_1_168' title='bbox 621 2584 711 2649; x_wconf 90' lang='lat' dir='ltr'><strong>milia</strong></span> <span class='ocrx_word' id='word_1_169' title='bbox 734 2585 801 2648; x_wconf 88' lang='lat' dir='ltr'><strong>fere</strong></span> <span class='ocrx_word' id='word_1_170' title='bbox 825 2588 857 2649; x_wconf 89' lang='lat' dir='ltr'><strong>et</strong></span> <span class='ocrx_word' id='word_1_171' title='bbox 881 2602 905 2647; x_wconf 85' lang='lat' dir='ltr'>D</span> <span class='ocrx_word' id='word_1_172' title='bbox 929 2590 1176 2669; x_wconf 85' lang='lat' dir='ltr'><strong>congregantur.</strong></span> <span class='ocrx_word' id='word_1_173' title='bbox 1211 2583 1337 2649; x_wconf 79' lang='grc'><strong>0111-16</strong></span> 
     </span>
     <span class='ocr_line' id='line_1_25' title="bbox 258 2672 1285 2758; baseline 0 -21"><span class='ocrx_word' id='word_1_174' title='bbox 258 2697 314 2737; x_wconf 90' lang='lat' dir='ltr'><strong>nes</strong></span> <span class='ocrx_word' id='word_1_175' title='bbox 338 2675 462 2758; x_wconf 89' lang='lat' dir='ltr'><strong>equites</strong></span> <span class='ocrx_word' id='word_1_176' title='bbox 482 2679 574 2738; x_wconf 88' lang='lat' dir='ltr'><strong>erant</strong></span> <span class='ocrx_word' id='word_1_177' title='bbox 592 2675 690 2738; x_wconf 88' lang='lat' dir='ltr'><strong>etiam</strong></span> <span class='ocrx_word' id='word_1_178' title='bbox 709 2674 744 2737; x_wconf 92' lang='lat' dir='ltr'><strong>in</strong></span> <span class='ocrx_word' id='word_1_179' title='bbox 762 2695 841 2757; x_wconf 91' lang='lat' dir='ltr'><strong>pace</strong></span> <span class='ocrx_word' id='word_1_180' title='bbox 859 2672 1038 2738; x_wconf 91' lang='lat' dir='ltr'><strong>latrociniis</strong></span> <span class='ocrx_word' id='word_1_181' title='bbox 1057 2673 1195 2738; x_wconf 87' lang='lat' dir='ltr'><strong>adsueti:</strong></span> <span class='ocrx_word' id='word_1_182' title='bbox 1214 2678 1285 2737; x_wconf 92' lang='lat' dir='ltr'><strong>tum</strong></span> 
     </span>
    </p>

    <p class='ocr_par' dir='ltr' id='par_1_7' title="bbox 218 2762 1285 3025">
     <span class='ocr_line' id='line_1_26' title="bbox 218 2762 1284 2848; baseline -0.001 -20"><span class='ocrx_word' id='word_1_183' title='bbox 218 2790 243 2829; x_wconf 75' lang='lat' dir='ltr'><strong>as</strong></span> <span class='ocrx_word' id='word_1_184' title='bbox 257 2764 379 2829; x_wconf 89' lang='lat' dir='ltr'><strong>ferocia</strong></span> <span class='ocrx_word' id='word_1_185' title='bbox 409 2764 540 2848; x_wconf 84' lang='lat' dir='ltr'><strong>ingenia</strong></span> <span class='ocrx_word' id='word_1_186' title='bbox 570 2786 638 2828; x_wconf 93' lang='lat' dir='ltr'><strong>non</strong></span> <span class='ocrx_word' id='word_1_187' title='bbox 669 2763 790 2828; x_wconf 91' lang='lat' dir='ltr'><strong>bellum</strong></span> <span class='ocrx_word' id='word_1_188' title='bbox 824 2763 934 2845; x_wconf 88' lang='lat' dir='ltr'><strong>modo,</strong></span> <span class='ocrx_word' id='word_1_189' title='bbox 968 2762 1023 2825; x_wconf 85' lang='lat' dir='ltr'><strong>sed</strong></span> <span class='ocrx_word' id='word_1_190' title='bbox 1052 2762 1149 2827; x_wconf 89' lang='lat' dir='ltr'><strong>etiam</strong></span> <span class='ocrx_word' id='word_1_191' title='bbox 1172 2763 1284 2828; x_wconf 84' lang='lat' dir='ltr'><strong>veniae</strong></span> 
     </span>
     <span class='ocr_line' id='line_1_27' title="bbox 259 2851 1285 2937; baseline 0 -22"><span class='ocrx_word' id='word_1_192' title='bbox 259 2854 440 2937; x_wconf 90' lang='lat' dir='ltr'><strong>desperatio</strong></span> <span class='ocrx_word' id='word_1_193' title='bbox 456 2853 650 2916; x_wconf 83' lang='lat' dir='ltr'><strong>efferaverat.</strong></span> <span class='ocrx_word' id='word_1_194' title='bbox 674 2851 789 2936; x_wconf 91' lang='lat' dir='ltr'><strong>Itaque</strong></span> <span class='ocrx_word' id='word_1_195' title='bbox 809 2852 1028 2935; x_wconf 84' lang='lat' dir='ltr'><strong>exinproviso</strong></span> <span class='ocrx_word' id='word_1_196' title='bbox 1044 2851 1149 2915; x_wconf 91' lang='lat' dir='ltr'><strong>adorti</strong></span> <span class='ocrx_word' id='word_1_197' title='bbox 1164 2852 1285 2935; x_wconf 85' lang='lat' dir='ltr'><strong>Amyn-</strong></span> 
     </span>
     <span class='ocr_line' id='line_1_28' title="bbox 258 2939 1284 3025; baseline 0 -20"><span class='ocrx_word' id='word_1_198' title='bbox 258 2947 323 3025; x_wconf 88' lang='lat' dir='ltr'><strong>tan,</strong></span> <span class='ocrx_word' id='word_1_199' title='bbox 342 2947 523 3025; x_wconf 91' lang='lat' dir='ltr'><strong>praetorem</strong></span> <span class='ocrx_word' id='word_1_200' title='bbox 539 2942 724 3025; x_wconf 83' lang='lat' dir='ltr'><strong>Alexandri,</strong></span> <span class='ocrx_word' id='word_1_201' title='bbox 743 2942 800 3005; x_wconf 90' lang='lat' dir='ltr'><strong>diu</strong></span> <span class='ocrx_word' id='word_1_202' title='bbox 819 2962 935 3023; x_wconf 87' lang='lat' dir='ltr'><strong>anceps</strong></span> <span class='ocrx_word' id='word_1_203' title='bbox 954 2939 1114 3024; x_wconf 89' lang='lat' dir='ltr'><strong>proelium</strong></span> <span class='ocrx_word' id='word_1_204' title='bbox 1129 2941 1284 3005; x_wconf 86' lang='lat' dir='ltr'><strong>fecerant:</strong></span> 
     </span>
    </p>
   </div>
   <div class='ocr_carea' id='block_1_3' title="bbox 254 3204 1284 3988">
    <p class='ocr_par' dir='ltr' id='par_1_8' title="bbox 254 3204 1284 3921">
     <span class='ocr_line' id='line_1_29' title="bbox 331 3204 1284 3276; baseline -0.001 -17"><span class='ocrx_word' id='word_1_205' title='bbox 331 3212 347 3259; x_wconf 83' lang='lat'>4</span> <span class='ocrx_word' id='word_1_206' title='bbox 367 3205 478 3276; x_wconf 85' lang='lat' dir='ltr'><strong>offerre]</strong></span> <span class='ocrx_word' id='word_1_207' title='bbox 503 3205 597 3259; x_wconf 85' lang='lat' dir='ltr'><strong>offerri</strong></span> <span class='ocrx_word' id='word_1_208' title='bbox 615 3211 663 3258; x_wconf 75' lang='grc' dir='ltr'><strong>Π</strong></span> <span class='ocrx_word' id='word_1_209' title='bbox 682 3224 717 3259; x_wconf 84' lang='lat' dir='ltr'><strong>m.</strong></span> <span class='ocrx_word' id='word_1_210' title='bbox 733 3223 778 3274; x_wconf 84' lang='lat' dir='ltr'><strong>pr.</strong></span> <span class='ocrx_word' id='word_1_211' title='bbox 891 3204 1094 3259; x_wconf 75' lang='lat' dir='ltr'><strong>100Htum1:</strong></span> <span class='ocrx_word' id='word_1_212' title='bbox 1122 3204 1230 3272; x_wconf 87' lang='lat' dir='ltr'><strong>clytum</strong></span> <span class='ocrx_word' id='word_1_213' title='bbox 1253 3209 1284 3258; x_wconf 81' lang='grc' dir='ltr'><strong>Δ.</strong></span> 
     </span>
     <span class='ocr_line' id='line_1_30' title="bbox 260 3276 1284 3348; baseline 0 -18"><span class='ocrx_word' id='word_1_214' title='bbox 260 3284 291 3331; x_wconf 92' lang='grc'><strong>11</strong></span> <span class='ocrx_word' id='word_1_215' title='bbox 312 3278 496 3348; x_wconf 87' lang='lat' dir='ltr'><strong>prohibituri]</strong></span> <span class='ocrx_word' id='word_1_216' title='bbox 520 3276 672 3345; x_wconf 88' lang='lat' dir='ltr'><strong>proibituri</strong></span> <span class='ocrx_word' id='word_1_217' title='bbox 691 3282 720 3330; x_wconf 83' lang='lat' dir='ltr'><strong>V.</strong></span> <span class='ocrx_word' id='word_1_218' title='bbox 820 3277 969 3348; x_wconf 88' lang='lat' dir='ltr'><strong>pudorem]</strong></span> <span class='ocrx_word' id='word_1_219' title='bbox 989 3277 1129 3345; x_wconf 85' lang='lat' dir='ltr'><strong>puderem</strong></span> <span class='ocrx_word' id='word_1_220' title='bbox 1148 3280 1169 3327; x_wconf 84' lang='lat' dir='ltr'>B</span> <span class='ocrx_word' id='word_1_221' title='bbox 1188 3294 1222 3330; x_wconf 83' lang='lat' dir='ltr'><strong>m.</strong></span> <span class='ocrx_word' id='word_1_222' title='bbox 1237 3294 1284 3345; x_wconf 85' lang='lat' dir='ltr'><strong>pr.</strong></span> 
     </span>
     <span class='ocr_line' id='line_1_31' title="bbox 260 3348 1283 3419; baseline -0.001 -17"><span class='ocrx_word' id='word_1_223' title='bbox 260 3355 293 3402; x_wconf 82' lang='lat'><strong>14</strong></span> <span class='ocrx_word' id='word_1_224' title='bbox 313 3349 553 3417; x_wconf 89' lang='lat' dir='ltr'><strong>Hephaestionem</strong></span> <span class='ocrx_word' id='word_1_225' title='bbox 573 3349 690 3418; x_wconf 69' lang='lat' dir='ltr'><strong>Coepta:</strong></span> <span class='ocrx_word' id='word_1_226' title='bbox 722 3348 917 3416; x_wconf 87' lang='lat' dir='ltr'><strong>ephestionem</strong></span> <span class='ocrx_word' id='word_1_227' title='bbox 938 3352 961 3399; x_wconf 80' lang='grc' dir='ltr'><strong>Δ</strong></span> <span class='ocrx_word' id='word_1_228' title='bbox 984 3348 1192 3419; x_wconf 87' lang='lat' dir='ltr'><strong>[ephertionem</strong></span> <span class='ocrx_word' id='word_1_229' title='bbox 1210 3353 1230 3401; x_wconf 78' lang='lat'><strong>1.</strong></span> <span class='ocrx_word' id='word_1_230' title='bbox 1249 3366 1283 3401; x_wconf 83' lang='lat' dir='ltr'><strong>m.</strong></span> 
     </span>
     <span class='ocr_line' id='line_1_32' title="bbox 254 3418 1283 3491; baseline -0.004 -17"><span class='ocrx_word' id='word_1_231' title='bbox 254 3439 300 3489; x_wconf 84' lang='lat' dir='ltr'><strong>pr.</strong></span> <span class='ocrx_word' id='word_1_232' title='bbox 315 3422 358 3491; x_wconf 84' lang='lat' dir='ltr'><strong>V]</strong></span> <span class='ocrx_word' id='word_1_233' title='bbox 444 3426 476 3474; x_wconf 83' lang='lat'><strong>15</strong></span> <span class='ocrx_word' id='word_1_234' title='bbox 495 3419 586 3491; x_wconf 87' lang='lat' dir='ltr'><strong>misit]</strong></span> <span class='ocrx_word' id='word_1_235' title='bbox 606 3419 747 3474; x_wconf 89' lang='lat' dir='ltr'><strong>commisit</strong></span> <span class='ocrx_word' id='word_1_236' title='bbox 766 3426 794 3473; x_wconf 83' lang='lat' dir='ltr'><strong>P.</strong></span> <span class='ocrx_word' id='word_1_237' title='bbox 869 3426 903 3475; x_wconf 87' lang='grc'><strong>16</strong></span> <span class='ocrx_word' id='word_1_238' title='bbox 922 3419 1043 3473; x_wconf 87' lang='lat' dir='ltr'><strong>hiemem</strong></span> <span class='ocrx_word' id='word_1_239' title='bbox 1061 3425 1088 3473; x_wconf 84' lang='lat'><strong>1:</strong></span> <span class='ocrx_word' id='word_1_240' title='bbox 1108 3418 1238 3488; x_wconf 80' lang='lat' dir='ltr'><strong>hyemem</strong></span> <span class='ocrx_word' id='word_1_241' title='bbox 1258 3426 1283 3485; x_wconf 81' lang='lat' dir='ltr'><strong>c,</strong></span> 
     </span>
     <span class='ocr_line' id='line_1_33' title="bbox 259 3490 1283 3563; baseline -0.002 -17"><span class='ocrx_word' id='word_1_242' title='bbox 259 3508 369 3563; x_wconf 86' lang='lat' dir='ltr'><strong>gemam</strong></span> <span class='ocrx_word' id='word_1_243' title='bbox 387 3498 415 3546; x_wconf 83' lang='lat' dir='ltr'><strong>P.</strong></span> <span class='ocrx_word' id='word_1_244' title='bbox 494 3490 567 3545; x_wconf 84' lang='lat' dir='ltr'><strong>Clito</strong></span> <span class='ocrx_word' id='word_1_245' title='bbox 586 3497 610 3545; x_wconf 91' lang='lat'><strong>1:</strong></span> <span class='ocrx_word' id='word_1_246' title='bbox 632 3491 708 3559; x_wconf 89' lang='lat' dir='ltr'><strong>clyto</strong></span> <span class='ocrx_word' id='word_1_247' title='bbox 728 3495 758 3545; x_wconf 81' lang='grc' dir='ltr'><strong>Δ.</strong></span> <span class='ocrx_word' id='word_1_248' title='bbox 837 3494 904 3545; x_wconf 91' lang='lat' dir='ltr'><strong>ante</strong></span> <span class='ocrx_word' id='word_1_249' title='bbox 923 3492 1116 3546; x_wconf 79' lang='lat' dir='ltr'><strong>Eberhardas:</strong></span> <span class='ocrx_word' id='word_1_250' title='bbox 1138 3493 1234 3545; x_wconf 89' lang='lat' dir='ltr'><strong>autem</strong></span> <span class='ocrx_word' id='word_1_251' title='bbox 1253 3495 1283 3544; x_wconf 81' lang='grc' dir='ltr'><strong>Δ.</strong></span> 
     </span>
     <span class='ocr_line' id='line_1_34' title="bbox 260 3563 1284 3634; baseline -0.001 -18"><span class='ocrx_word' id='word_1_252' title='bbox 260 3570 291 3616; x_wconf 81' lang='grc'><strong>17</strong></span> <span class='ocrx_word' id='word_1_253' title='bbox 312 3564 499 3634; x_wconf 90' lang='lat' dir='ltr'><strong>provinciam]</strong></span> <span class='ocrx_word' id='word_1_254' title='bbox 518 3563 692 3631; x_wconf 88' lang='lat' dir='ltr'><strong>prouintiam</strong></span> <span class='ocrx_word' id='word_1_255' title='bbox 711 3568 780 3616; x_wconf 80' lang='lat' dir='ltr'><strong>Bm.</strong></span> <span class='ocrx_word' id='word_1_256' title='bbox 792 3580 838 3633; x_wconf 80' lang='lat' dir='ltr'><strong>pr.</strong></span> <span class='ocrx_word' id='word_1_257' title='bbox 853 3569 908 3616; x_wconf 73' lang='grc' dir='ltr'><strong>ΕΙ..</strong></span> <span class='ocrx_word' id='word_1_258' title='bbox 987 3563 1139 3633; x_wconf 85' lang='lat' dir='ltr'><strong>Amyntae]</strong></span> <span class='ocrx_word' id='word_1_259' title='bbox 1159 3563 1284 3616; x_wconf 90' lang='lat' dir='ltr'><strong>amintae</strong></span> 
     </span>
     <span class='ocr_line' id='line_1_35' title="bbox 258 3633 1284 3705; baseline 0 -18"><span class='ocrx_word' id='word_1_260' title='bbox 258 3640 366 3688; x_wconf 72' lang='lat' dir='ltr'><strong>mv.</strong></span> <span class='ocrx_word' id='word_1_261' title='bbox 442 3641 474 3688; x_wconf 88' lang='lat'><strong>18</strong></span> <span class='ocrx_word' id='word_1_262' title='bbox 495 3634 640 3705; x_wconf 84' lang='lat' dir='ltr'><strong>Scythiae]</strong></span> <span class='ocrx_word' id='word_1_263' title='bbox 660 3633 782 3688; x_wconf 87' lang='lat' dir='ltr'><strong>scithiae</strong></span> <span class='ocrx_word' id='word_1_264' title='bbox 796 3639 901 3688; x_wconf 77' lang='lat' dir='ltr'>BHP.</span> <span class='ocrx_word' id='word_1_265' title='bbox 974 3633 1189 3705; x_wconf 87' lang='lat' dir='ltr'><strong>habitaturque]</strong></span> <span class='ocrx_word' id='word_1_266' title='bbox 1204 3633 1284 3687; x_wconf 87' lang='lat' dir='ltr'><strong>habi-</strong></span> 
     </span>
     <span class='ocr_line' id='line_1_36' title="bbox 258 3703 1284 3777; baseline -0.003 -17"><span class='ocrx_word' id='word_1_267' title='bbox 258 3708 392 3775; x_wconf 86' lang='lat' dir='ltr'><strong>tatusque</strong></span> <span class='ocrx_word' id='word_1_268' title='bbox 410 3713 437 3759; x_wconf 83' lang='lat' dir='ltr'><strong>P.</strong></span> <span class='ocrx_word' id='word_1_269' title='bbox 513 3711 546 3758; x_wconf 79' lang='lat'><strong>23</strong></span> <span class='ocrx_word' id='word_1_270' title='bbox 566 3726 587 3759; x_wconf 93' lang='lat'><strong>11</strong></span> <span class='ocrx_word' id='word_1_271' title='bbox 606 3706 697 3777; x_wconf 89' lang='lat' dir='ltr'><strong>milia]</strong></span> <span class='ocrx_word' id='word_1_272' title='bbox 717 3726 738 3759; x_wconf 95' lang='lat'><strong>11</strong></span> <span class='ocrx_word' id='word_1_273' title='bbox 758 3711 783 3759; x_wconf 82' lang='lat'><strong>0.</strong></span> <span class='ocrx_word' id='word_1_274' title='bbox 859 3711 893 3759; x_wconf 80' lang='lat'><strong>26</strong></span> <span class='ocrx_word' id='word_1_275' title='bbox 913 3703 1090 3776; x_wconf 87' lang='lat' dir='ltr'><strong>efferaverat]</strong></span> <span class='ocrx_word' id='word_1_276' title='bbox 1110 3704 1284 3759; x_wconf 80' lang='lat' dir='ltr'><strong>effeueratl’</strong></span> 
     </span>
     <span class='ocr_line' id='line_1_37' title="bbox 258 3777 1282 3848; baseline -0.004 -16"><span class='ocrx_word' id='word_1_277' title='bbox 258 3797 293 3832; x_wconf 86' lang='lat' dir='ltr'><strong>m.</strong></span> <span class='ocrx_word' id='word_1_278' title='bbox 305 3796 349 3846; x_wconf 84' lang='lat' dir='ltr'><strong>pr.</strong></span> <span class='ocrx_word' id='word_1_279' title='bbox 424 3780 569 3845; x_wconf 92' lang='lat' dir='ltr'><strong>Amyntan</strong></span> <span class='ocrx_word' id='word_1_280' title='bbox 584 3779 737 3832; x_wconf 77' lang='lat' dir='ltr'><strong>Kinchs&#39;ua:</strong></span> <span class='ocrx_word' id='word_1_281' title='bbox 758 3777 886 3831; x_wconf 84' lang='lat' dir='ltr'><strong>amintan</strong></span> <span class='ocrx_word' id='word_1_282' title='bbox 900 3782 929 3845; x_wconf 86' lang='lat' dir='ltr'><strong>P,</strong></span> <span class='ocrx_word' id='word_1_283' title='bbox 949 3778 1085 3830; x_wconf 86' lang='lat' dir='ltr'><strong>amintam</strong></span> <span class='ocrx_word' id='word_1_284' title='bbox 1106 3783 1123 3827; x_wconf 79' lang='lat' dir='ltr'><strong>c</strong></span> <span class='ocrx_word' id='word_1_285' title='bbox 1142 3777 1282 3848; x_wconf 85' lang='lat' dir='ltr'><strong>[amittam</strong></span> 
     </span>
     <span class='ocr_line' id='line_1_38' title="bbox 258 3850 919 3921; baseline -0.002 -19"><span class='ocrx_word' id='word_1_286' title='bbox 258 3856 279 3902; x_wconf 56' lang='grc' dir='ltr'><strong>1ἓ</strong></span> <span class='ocrx_word' id='word_1_287' title='bbox 295 3868 328 3903; x_wconf 74' lang='lat' dir='ltr'><strong>aa.</strong></span> <span class='ocrx_word' id='word_1_288' title='bbox 343 3851 408 3921; x_wconf 81' lang='lat' dir='ltr'><strong>pr]</strong></span> <span class='ocrx_word' id='word_1_289' title='bbox 914 3850 919 3861; x_wconf 91' lang='lat'>&#39;</span> 
     </span>
    </p>

    <p class='ocr_par' dir='ltr' id='par_1_9' title="bbox 1078 3936 1133 3988">
     <span class='ocr_line' id='line_1_39' title="bbox 1078 3936 1133 3988; baseline 0 0"><span class='ocrx_word' id='word_1_290' title='bbox 1078 3936 1133 3988; x_wconf 58' lang='grc' dir='ltr'><strong>Ἦ*</strong></span> 
     </span>
    </p>
   </div>
   <div class='ocr_carea' id='block_1_4' title="bbox 0 0 1580 4459">
    <p class='ocr_par' dir='ltr' id='par_1_10' title="bbox 0 0 1580 4459">
     <span class='ocr_line' id='line_1_40' title="bbox 0 0 1580 4459; baseline 0 2"><span class='ocrx_word' id='word_1_291' title='bbox 0 0 1580 4459; x_wconf 95' lang='lat' dir='ltr'><strong> </strong></span> 
     </span>
    </p>
   </div>
  </div>
 </body>
</html>
